,localtime,time,symbol,signal,bvol1,bid1,avol1,ask1,mid,direction,volume,exposure
0,09:30:00.194688303,09:30:00.000000000,sh600338,7.30753,10900,30.44,4700,30.45,30.445,,0.0,0.0
1,09:30:03.202636720,09:30:03.000000000,sh600338,22.3987,6800,30.45,100,30.49,30.47,,0.0,0.0
2,09:30:05.867535018,09:30:05.000000000,sh600338,11.2336,25500,30.45,6100,30.5,30.475,,0.0,0.0
3,09:30:08.868433677,09:30:08.000000000,sh600338,-4.3258,29100,30.55,5900,30.57,30.56,,0.0,0.0
4,09:30:11.860107168,09:30:11.000000000,sh600338,-10.7018,6400,30.5,125800,30.55,30.525,,0.0,0.0
5,09:30:14.863398306,09:30:14.000000000,sh600338,-4.788819999999999,47100,30.45,3700,30.49,30.47,,0.0,0.0
6,09:30:17.861358273,09:30:17.000000000,sh600338,-14.2765,6900,30.43,181100,30.45,30.44,,0.0,0.0
7,09:30:20.860845908,09:30:20.000000000,sh600338,6.34106,33600,30.4,1500,30.41,30.405,,0.0,0.0
8,09:30:23.861723713,09:30:23.000000000,sh600338,-3.6491800000000003,1900,30.35,374400,30.4,30.375,,0.0,0.0
9,09:30:26.863414613,09:30:26.000000000,sh600338,6.814710000000001,300,30.28,1200,30.3,30.29,,0.0,0.0
10,09:30:29.861857547,09:30:29.000000000,sh600338,20.6126,800,30.21,400,30.22,30.215,,0.0,0.0
11,09:30:32.861818242,09:30:32.000000000,sh600338,12.56,100,30.18,4400,30.21,30.195,,0.0,0.0
12,09:30:35.863066092,09:30:35.000000000,sh600338,8.441889999999999,700,30.15,5300,30.2,30.175,,0.0,0.0
13,09:30:38.860705555,09:30:38.000000000,sh600338,7.37078,6100,30.13,2800,30.14,30.135,,0.0,0.0
14,09:30:41.863392314,09:30:41.000000000,sh600338,16.8543,500,30.05,4000,30.08,30.065,,0.0,0.0
15,09:30:44.862230966,09:30:44.000000000,sh600338,12.3428,20100,30.01,4500,30.08,30.045,,0.0,0.0
16,09:30:47.862823920,09:30:47.000000000,sh600338,12.9574,13500,30.01,6700,30.06,30.035,,0.0,0.0
17,09:30:50.862814745,09:30:50.000000000,sh600338,18.0901,89900,30.0,2300,30.01,30.005,,0.0,0.0
18,09:30:53.862768234,09:30:53.000000000,sh600338,12.6904,70800,30.0,16200,30.01,30.005,,0.0,0.0
19,09:30:56.862286998,09:30:56.000000000,sh600338,21.9164,61700,30.0,1000,30.01,30.005,,0.0,0.0
20,09:30:59.863045850,09:30:59.000000000,sh600338,17.6993,1300,30.02,2500,30.06,30.04,,0.0,0.0
21,09:31:02.863011983,09:31:02.000000000,sh600338,18.7382,2900,30.02,1100,30.06,30.04,,0.0,0.0
22,09:31:05.863609193,09:31:05.000000000,sh600338,16.3246,100,30.06,100,30.09,30.075,,0.0,0.0
23,09:31:08.863309677,09:31:08.000000000,sh600338,21.976999999999997,300,30.03,200,30.09,30.06,,0.0,0.0
24,09:31:11.864449935,09:31:11.000000000,sh600338,23.3845,400,30.09,1600,30.1,30.095,,0.0,0.0
25,09:31:14.862786453,09:31:14.000000000,sh600338,24.0801,600,30.1,300,30.13,30.115,,0.0,0.0
26,09:31:17.863750846,09:31:17.000000000,sh600338,29.7102,10500,30.1,1700,30.12,30.11,,0.0,0.0
27,09:31:20.862754683,09:31:20.000000000,sh600338,32.5207,200,30.11,1400,30.12,30.115,,0.0,0.0
28,09:31:23.862722517,09:31:23.000000000,sh600338,34.6212,600,30.12,400,30.13,30.125,,0.0,0.0
29,09:31:26.863544596,09:31:26.000000000,sh600338,34.7763,800,30.13,600,30.14,30.135,,0.0,0.0
30,09:31:29.856038100,09:31:29.000000000,sh600338,31.5053,100,30.15,2600,30.2,30.175,,0.0,0.0
31,09:31:32.861494999,09:31:32.000000000,sh600338,28.099,17700,30.15,1800,30.18,30.165,,0.0,0.0
32,09:31:35.862547741,09:31:35.000000000,sh600338,32.3619,100,30.16,1000,30.18,30.17,,0.0,0.0
33,09:31:38.862154686,09:31:38.000000000,sh600338,33.1185,13600,30.19,300,30.2,30.195,,0.0,0.0
34,09:31:41.859478876,09:31:41.000000000,sh600338,38.3194,4200,30.21,6700,30.23,30.22,,0.0,0.0
35,09:31:44.861088448,09:31:44.000000000,sh600338,31.7407,7000,30.22,100,30.28,30.25,,0.0,0.0
36,09:31:47.860179120,09:31:47.000000000,sh600338,28.7603,500,30.24,1200,30.28,30.26,,0.0,0.0
37,09:31:50.860146764,09:31:50.000000000,sh600338,28.7001,1900,30.23,600,30.26,30.245,,0.0,0.0
38,09:31:53.861089418,09:31:53.000000000,sh600338,32.1926,300,30.27,3700,30.3,30.285,,0.0,0.0
39,09:31:56.861942127,09:31:56.000000000,sh600338,25.3369,200,30.28,4500,30.29,30.285,,0.0,0.0
40,09:31:59.859650313,09:31:59.000000000,sh600338,22.9508,500,30.27,14900,30.28,30.275,,0.0,0.0
41,09:32:02.860079351,09:32:02.000000000,sh600338,21.3175,2700,30.23,17300,30.25,30.24,,0.0,0.0
42,09:32:05.860560578,09:32:05.000000000,sh600338,16.7842,11000,30.21,20200,30.22,30.215,,0.0,0.0
43,09:32:08.862819045,09:32:08.000000000,sh600338,13.0751,200,30.19,14300,30.2,30.195,,0.0,0.0
44,09:32:11.861982590,09:32:11.000000000,sh600338,15.9857,6100,30.13,11400,30.14,30.135,,0.0,0.0
45,09:32:14.862984312,09:32:14.000000000,sh600338,12.449000000000002,1900,30.1,700,30.11,30.105,,0.0,0.0
46,09:32:17.868658051,09:32:17.000000000,sh600338,7.47048,2000,30.08,12900,30.09,30.085,,0.0,0.0
47,09:32:20.860623166,09:32:20.000000000,sh600338,15.2277,5800,30.05,3500,30.06,30.055,,0.0,0.0
48,09:32:23.869818197,09:32:23.000000000,sh600338,13.8101,9800,30.03,5900,30.04,30.035,,0.0,0.0
49,09:32:26.860313667,09:32:26.000000000,sh600338,14.2128,300,30.04,16900,30.05,30.045,,0.0,0.0
50,09:32:29.857163329,09:32:29.000000000,sh600338,17.6019,5400,30.02,8200,30.05,30.035,,0.0,0.0
51,09:32:32.861602415,09:32:32.000000000,sh600338,16.4235,8900,30.03,5100,30.05,30.04,,0.0,0.0
52,09:32:35.861568620,09:32:35.000000000,sh600338,18.3713,600,30.03,4400,30.04,30.035,,0.0,0.0
53,09:32:38.860438864,09:32:38.000000000,sh600338,21.4168,13000,30.03,1600,30.06,30.045,,0.0,0.0
54,09:32:41.862276650,09:32:41.000000000,sh600338,19.8259,100,30.05,11200,30.06,30.055,,0.0,0.0
55,09:32:44.861930769,09:32:44.000000000,sh600338,17.9131,100,30.05,21800,30.08,30.065,,0.0,0.0
56,09:32:47.861295989,09:32:47.000000000,sh600338,20.269000000000002,600,30.06,17700,30.08,30.07,,0.0,0.0
57,09:32:50.864582976,09:32:50.000000000,sh600338,21.3682,6500,30.05,300,30.07,30.06,,0.0,0.0
58,09:32:53.860414263,09:32:53.000000000,sh600338,21.7206,600,30.06,1400,30.07,30.065,,0.0,0.0
59,09:32:56.861586562,09:32:56.000000000,sh600338,23.3129,10800,30.04,300,30.05,30.045,,0.0,0.0
60,09:32:59.861847691,09:32:59.000000000,sh600338,23.0827,3300,30.05,27500,30.06,30.055,,0.0,0.0
61,09:33:02.859511162,09:33:02.000000000,sh600338,22.894000000000002,300,30.04,29800,30.05,30.045,,0.0,0.0
62,09:33:05.860152356,09:33:05.000000000,sh600338,25.4597,40700,30.01,900,30.02,30.015,,0.0,0.0
63,09:33:08.861171168,09:33:08.000000000,sh600338,23.9765,70100,30.0,900,30.01,30.005,,0.0,0.0
64,09:33:11.859335068,09:33:11.000000000,sh600338,18.7261,1500,29.98,65900,30.0,29.99,,0.0,0.0
65,09:33:14.860220409,09:33:14.000000000,sh600338,19.451,1500,29.93,43200,29.96,29.945,,0.0,0.0
66,09:33:17.860963507,09:33:17.000000000,sh600338,23.543000000000003,100,29.92,800,29.93,29.925,,0.0,0.0
67,09:33:20.859662239,09:33:20.000000000,sh600338,25.0985,11500,29.91,2000,29.92,29.915,,0.0,0.0
68,09:33:23.860730570,09:33:23.000000000,sh600338,22.2979,1700,29.89,13000,29.9,29.895,,0.0,0.0
69,09:33:26.859619462,09:33:26.000000000,sh600338,20.0449,700,29.89,12900,29.9,29.895,,0.0,0.0
70,09:33:29.858410230,09:33:29.000000000,sh600338,21.7168,700,29.9,23400,29.91,29.905,,0.0,0.0
71,09:33:32.859924598,09:33:32.000000000,sh600338,26.8066,300,29.91,2200,29.92,29.915,,0.0,0.0
72,09:33:35.859202909,09:33:35.000000000,sh600338,31.9381,50000,29.91,1800,29.94,29.925,,0.0,0.0
73,09:33:38.859948342,09:33:38.000000000,sh600338,32.9429,48500,29.91,400,29.92,29.915,,0.0,0.0
74,09:33:41.858615681,09:33:41.000000000,sh600338,25.7225,12200,29.94,2900,29.98,29.96,,0.0,0.0
75,09:33:44.858914290,09:33:44.000000000,sh600338,30.8715,52400,29.91,2700,29.92,29.915,,0.0,0.0
76,09:33:47.860439660,09:33:47.000000000,sh600338,27.8882,400,29.92,21400,29.94,29.93,,0.0,0.0
77,09:33:50.860077612,09:33:50.000000000,sh600338,27.1779,1800,29.92,11300,29.94,29.93,,0.0,0.0
78,09:33:53.860738358,09:33:53.000000000,sh600338,29.0228,800,29.91,4300,29.92,29.915,,0.0,0.0
79,09:33:56.859474916,09:33:56.000000000,sh600338,26.7995,44500,29.9,2200,29.91,29.905,,0.0,0.0
80,09:33:59.858585517,09:33:59.000000000,sh600338,25.2949,27500,29.9,9900,29.91,29.905,,0.0,0.0
81,09:34:02.858815617,09:34:02.000000000,sh600338,24.6488,10500,29.89,9100,29.9,29.895,1.0,200.0,200.0
82,09:34:05.860504150,09:34:05.000000000,sh600338,23.6118,600,29.9,1200,29.91,29.905,1.0,200.0,400.0
83,09:34:08.859916180,09:34:08.000000000,sh600338,22.6133,4700,29.89,4600,29.9,29.895,,0.0,400.0
84,09:34:11.858764524,09:34:11.000000000,sh600338,24.2736,200,29.91,8600,29.92,29.915,,0.0,400.0
85,09:34:14.859339541,09:34:14.000000000,sh600338,27.4531,200,29.92,3100,29.94,29.93,,0.0,400.0
86,09:34:17.861346975,09:34:17.000000000,sh600338,26.509,1100,29.95,4200,29.98,29.965,,0.0,400.0
87,09:34:20.861771005,09:34:20.000000000,sh600338,24.789,200,29.94,1400,29.98,29.96,,0.0,400.0
88,09:34:23.859842926,09:34:23.000000000,sh600338,27.7876,1000,29.98,1800,30.0,29.99,,0.0,400.0
89,09:34:26.858286741,09:34:26.000000000,sh600338,32.8868,8900,30.04,17100,30.05,30.045,,0.0,400.0
90,09:34:29.858655204,09:34:29.000000000,sh600338,35.6826,5600,30.05,3500,30.06,30.055,,0.0,400.0
91,09:34:32.859209984,09:34:32.000000000,sh600338,38.0454,11000,30.06,800,30.08,30.07,,0.0,400.0
92,09:34:35.858201368,09:34:35.000000000,sh600338,39.4796,100,30.07,1800,30.1,30.085,,0.0,400.0
93,09:34:38.858560213,09:34:38.000000000,sh600338,35.3088,300,30.09,9200,30.1,30.095,,0.0,400.0
94,09:34:41.858274212,09:34:41.000000000,sh600338,36.4932,4300,30.09,10600,30.1,30.095,,0.0,400.0
95,09:34:44.858944008,09:34:44.000000000,sh600338,35.5735,1800,30.07,5800,30.09,30.08,,0.0,400.0
96,09:34:47.858337393,09:34:47.000000000,sh600338,32.7261,1100,30.07,3700,30.09,30.08,,0.0,400.0
97,09:34:50.861001638,09:34:50.000000000,sh600338,40.7929,3100,30.05,1500,30.06,30.055,,0.0,400.0
98,09:34:53.858116426,09:34:53.000000000,sh600338,36.2496,2000,30.05,1600,30.09,30.07,,0.0,400.0
99,09:34:56.858896170,09:34:56.000000000,sh600338,34.8758,1100,30.06,4300,30.07,30.065,,0.0,400.0
100,09:34:59.860861396,09:34:59.000000000,sh600338,37.3003,3200,30.1,3500,30.11,30.105,,0.0,400.0
101,09:35:02.860083153,09:35:02.000000000,sh600338,36.7205,5300,30.11,1200,30.12,30.115,,0.0,400.0
102,09:35:05.858616035,09:35:05.000000000,sh600338,34.8079,13800,30.06,9100,30.08,30.07,,0.0,400.0
103,09:35:08.860500198,09:35:08.000000000,sh600338,36.9591,1000,30.01,1900,30.02,30.015,,0.0,400.0
104,09:35:11.860014455,09:35:11.000000000,sh600338,27.5634,500,30.0,8200,30.04,30.02,,0.0,400.0
105,09:35:14.859863208,09:35:14.000000000,sh600338,29.763,2300,30.01,500,30.02,30.015,,0.0,400.0
106,09:35:17.859610699,09:35:17.000000000,sh600338,28.4401,300,30.01,2600,30.02,30.015,,0.0,400.0
107,09:35:20.859355751,09:35:20.000000000,sh600338,25.6185,1800,29.98,400,30.0,29.99,,0.0,400.0
108,09:35:23.860884196,09:35:23.000000000,sh600338,24.3475,1100,29.96,5600,30.0,29.98,,0.0,400.0
109,09:35:26.860581771,09:35:26.000000000,sh600338,20.5869,600,29.96,100,29.98,29.97,,0.0,400.0
110,09:35:29.859250612,09:35:29.000000000,sh600338,20.3609,1500,29.96,1900,29.98,29.97,,0.0,400.0
111,09:35:32.862702790,09:35:32.000000000,sh600338,22.6327,4200,29.95,10100,29.96,29.955,,0.0,400.0
112,09:35:35.858986998,09:35:35.000000000,sh600338,15.3162,1700,29.99,16300,30.0,29.995,,0.0,400.0
113,09:35:38.858816443,09:35:38.000000000,sh600338,25.1492,2700,29.95,38100,29.96,29.955,,0.0,400.0
114,09:35:41.858636851,09:35:41.000000000,sh600338,24.1882,3700,29.95,38000,29.96,29.955,,0.0,400.0
115,09:35:44.859378439,09:35:44.000000000,sh600338,18.9235,1300,29.95,22000,29.96,29.955,,0.0,400.0
116,09:35:47.859353137,09:35:47.000000000,sh600338,19.9242,1100,29.95,9500,29.96,29.955,,0.0,400.0
117,09:35:50.858337351,09:35:50.000000000,sh600338,19.109,1200,29.95,600,29.97,29.96,,0.0,400.0
118,09:35:53.858706638,09:35:53.000000000,sh600338,18.0799,4600,29.96,2200,29.97,29.965,,0.0,400.0
119,09:35:56.860095785,09:35:56.000000000,sh600338,18.3421,2000,29.96,5500,29.97,29.965,,0.0,400.0
120,09:35:59.862883128,09:35:59.000000000,sh600338,17.4279,200,29.95,1300,29.96,29.955,,0.0,400.0
121,09:36:02.860629095,09:36:02.000000000,sh600338,16.7978,300,29.97,1900,29.99,29.98,,0.0,400.0
122,09:36:05.859056798,09:36:05.000000000,sh600338,16.923,800,29.97,1900,29.99,29.98,,0.0,400.0
123,09:36:08.859035114,09:36:08.000000000,sh600338,19.6351,2400,29.99,5000,30.0,29.995,,0.0,400.0
124,09:36:11.858153743,09:36:11.000000000,sh600338,18.0786,2300,30.01,500,30.02,30.015,,0.0,400.0
125,09:36:14.857551036,09:36:14.000000000,sh600338,17.792,3700,30.04,12000,30.05,30.045,,0.0,400.0
126,09:36:17.857703673,09:36:17.000000000,sh600338,18.3326,400,30.07,2200,30.1,30.085,,0.0,400.0
127,09:36:20.857760680,09:36:20.000000000,sh600338,25.7537,6100,30.04,600,30.1,30.07,,0.0,400.0
128,09:36:23.858552423,09:36:23.000000000,sh600338,23.6865,4400,30.13,300,30.16,30.145,,0.0,400.0
129,09:36:26.858960218,09:36:26.000000000,sh600338,23.9538,400,30.06,1800,30.1,30.08,,0.0,400.0
130,09:36:29.859019615,09:36:29.000000000,sh600338,21.5285,200,30.07,400,30.09,30.08,,0.0,400.0
131,09:36:32.855108072,09:36:32.000000000,sh600338,13.2909,100,30.08,600,30.11,30.095,,0.0,400.0
132,09:36:35.860546110,09:36:35.000000000,sh600338,20.0584,200,30.05,400,30.07,30.06,,0.0,400.0
133,09:36:38.865667650,09:36:38.000000000,sh600338,20.5533,1600,30.1,4200,30.12,30.11,,0.0,400.0
134,09:36:41.857907534,09:36:41.000000000,sh600338,16.9816,400,30.08,1100,30.1,30.09,,0.0,400.0
135,09:36:44.857858886,09:36:44.000000000,sh600338,10.0301,600,30.11,700,30.12,30.115,,0.0,400.0
136,09:36:47.859325343,09:36:47.000000000,sh600338,15.2516,1100,30.08,6100,30.11,30.095,,0.0,400.0
137,09:36:50.859851823,09:36:50.000000000,sh600338,18.6522,7200,30.03,4800,30.04,30.035,,0.0,400.0
138,09:36:53.861065007,09:36:53.000000000,sh600338,15.5649,79500,30.0,1700,30.01,30.005,,0.0,400.0
139,09:36:56.858832272,09:36:56.000000000,sh600338,17.2636,12900,29.96,7200,29.97,29.965,,0.0,400.0
140,09:36:59.863028727,09:36:59.000000000,sh600338,17.8655,500,29.96,3500,29.97,29.965,,0.0,400.0
141,09:37:02.857763250,09:37:02.000000000,sh600338,14.1481,104700,29.99,1200,30.01,30.0,,0.0,400.0
142,09:37:05.861445556,09:37:05.000000000,sh600338,19.4237,84700,29.99,16800,30.0,29.995,,0.0,400.0
143,09:37:08.858552800,09:37:08.000000000,sh600338,15.2919,5600,30.0,2300,30.02,30.01,,0.0,400.0
144,09:37:11.857953795,09:37:11.000000000,sh600338,18.3806,1200,30.0,1900,30.02,30.01,,0.0,400.0
145,09:37:14.858525280,09:37:14.000000000,sh600338,20.7258,1800,30.02,1700,30.03,30.025,,0.0,400.0
146,09:37:17.858142032,09:37:17.000000000,sh600338,25.6878,3600,30.0,5100,30.05,30.025,,0.0,400.0
147,09:37:20.859370981,09:37:20.000000000,sh600338,16.1213,11300,29.97,14700,29.98,29.975,,0.0,400.0
148,09:37:23.856850883,09:37:23.000000000,sh600338,20.2923,9600,29.95,800,29.97,29.96,,0.0,400.0
149,09:37:26.857631161,09:37:26.000000000,sh600338,13.2571,600,29.98,5100,29.99,29.985,,0.0,400.0
150,09:37:29.857122510,09:37:29.000000000,sh600338,16.5577,900,29.97,900,29.98,29.975,,0.0,400.0
151,09:37:32.861179947,09:37:32.000000000,sh600338,17.2646,300,29.99,10300,30.0,29.995,,0.0,400.0
152,09:37:35.861641589,09:37:35.000000000,sh600338,20.0582,1300,29.99,3000,30.0,29.995,,0.0,400.0
153,09:37:38.858036655,09:37:38.000000000,sh600338,20.0947,8400,29.99,1800,30.0,29.995,,0.0,400.0
154,09:37:41.859608715,09:37:41.000000000,sh600338,21.7238,1900,30.0,300,30.01,30.005,,0.0,400.0
155,09:37:44.859718623,09:37:44.000000000,sh600338,23.9574,500,30.01,3400,30.02,30.015,,0.0,400.0
156,09:37:47.854268956,09:37:47.000000000,sh600338,22.3481,1900,29.99,700,30.01,30.0,,0.0,400.0
157,09:37:50.859651678,09:37:50.000000000,sh600338,23.0398,3500,30.0,600,30.01,30.005,,0.0,400.0
158,09:37:53.856400581,09:37:53.000000000,sh600338,25.5194,7700,30.0,2900,30.02,30.01,,0.0,400.0
159,09:37:56.866271135,09:37:56.000000000,sh600338,25.9131,30900,29.98,13200,29.99,29.985,,0.0,400.0
160,09:37:59.857551134,09:37:59.000000000,sh600338,23.6298,2300,30.01,1100,30.02,30.015,,0.0,400.0
161,09:38:02.858827433,09:38:02.000000000,sh600338,19.2255,1000,30.04,1700,30.05,30.045,,0.0,400.0
162,09:38:05.859304477,09:38:05.000000000,sh600338,19.2921,400,30.06,1300,30.07,30.065,,0.0,400.0
163,09:38:08.859358026,09:38:08.000000000,sh600338,18.5646,1400,30.09,2500,30.1,30.095,,0.0,400.0
164,09:38:11.857998382,09:38:11.000000000,sh600338,19.1187,10100,30.1,3700,30.11,30.105,,0.0,400.0
165,09:38:14.855932862,09:38:14.000000000,sh600338,21.088,2300,30.08,4100,30.09,30.085,,0.0,400.0
166,09:38:17.864943575,09:38:17.000000000,sh600338,13.2794,500,30.16,400,30.17,30.165,,0.0,400.0
167,09:38:20.860228218,09:38:20.000000000,sh600338,24.953000000000003,600,30.11,100,30.13,30.12,,0.0,400.0
168,09:38:23.858560968,09:38:23.000000000,sh600338,19.336,3100,30.14,1500,30.16,30.15,,0.0,400.0
169,09:38:26.859076631,09:38:26.000000000,sh600338,18.3672,400,30.15,19200,30.16,30.155,,0.0,400.0
170,09:38:29.859486766,09:38:29.000000000,sh600338,17.834,7900,30.15,35800,30.16,30.155,,0.0,400.0
171,09:38:32.861556374,09:38:32.000000000,sh600338,17.6296,2800,30.15,35700,30.16,30.155,,0.0,400.0
172,09:38:35.868929033,09:38:35.000000000,sh600338,16.6624,3300,30.14,18900,30.15,30.145,,0.0,400.0
173,09:38:38.858197117,09:38:38.000000000,sh600338,17.4607,14400,30.13,200,30.14,30.135,,0.0,400.0
174,09:38:41.855435657,09:38:41.000000000,sh600338,16.5402,9800,30.13,12000,30.15,30.14,,0.0,400.0
175,09:38:44.857183251,09:38:44.000000000,sh600338,16.4133,2200,30.13,3900,30.14,30.135,,0.0,400.0
176,09:38:47.869363418,09:38:47.000000000,sh600338,16.2923,200,30.13,2400,30.15,30.14,,0.0,400.0
177,09:38:53.867687639,09:38:53.000000000,sh600338,17.5685,14600,30.14,22700,30.16,30.15,,0.0,400.0
178,09:38:56.860549808,09:38:56.000000000,sh600338,18.9436,13300,30.12,1100,30.13,30.125,,0.0,400.0
179,09:38:59.856941420,09:38:59.000000000,sh600338,11.649000000000001,1500,30.15,25800,30.16,30.155,,0.0,400.0
180,09:39:02.864611628,09:39:02.000000000,sh600338,16.4555,900,30.13,200,30.15,30.14,,0.0,400.0
181,09:39:05.863605248,09:39:05.000000000,sh600338,16.8347,8800,30.13,1500,30.14,30.135,,0.0,400.0
182,09:39:08.859091506,09:39:08.000000000,sh600338,14.0955,4200,30.07,1200,30.08,30.075,,0.0,400.0
183,09:39:11.868437091,09:39:11.000000000,sh600338,19.1574,1700,30.02,100,30.05,30.035,,0.0,400.0
184,09:39:14.867316744,09:39:14.000000000,sh600338,19.3929,35300,30.0,1300,30.01,30.005,,0.0,400.0
185,09:39:17.863810038,09:39:17.000000000,sh600338,20.7764,20700,30.0,2600,30.01,30.005,,0.0,400.0
186,09:39:20.865553074,09:39:20.000000000,sh600338,20.3747,7100,30.0,2700,30.01,30.005,,0.0,400.0
187,09:39:23.855843659,09:39:23.000000000,sh600338,20.007,6600,30.02,2700,30.04,30.03,,0.0,400.0
188,09:39:26.855160981,09:39:26.000000000,sh600338,24.3994,1100,30.02,4600,30.04,30.03,,0.0,400.0
189,09:39:29.869221476,09:39:29.000000000,sh600338,27.4716,800,30.01,2900,30.04,30.025,,0.0,400.0
190,09:39:32.867635264,09:39:32.000000000,sh600338,28.7053,100,30.02,2800,30.04,30.03,,0.0,400.0
191,09:39:35.862509315,09:39:35.000000000,sh600338,28.4548,2200,30.02,5500,30.03,30.025,,0.0,400.0
192,09:39:38.867974829,09:39:38.000000000,sh600338,29.6393,3300,30.02,8500,30.03,30.025,,0.0,400.0
193,09:39:41.856472599,09:39:41.000000000,sh600338,29.236,1100,30.02,8500,30.03,30.025,,0.0,400.0
194,09:39:44.870285900,09:39:44.000000000,sh600338,30.7028,2400,30.01,2500,30.03,30.02,,0.0,400.0
195,09:39:47.861258527,09:39:47.000000000,sh600338,33.4634,22800,30.0,2100,30.01,30.005,,0.0,400.0
196,09:39:50.861070377,09:39:50.000000000,sh600338,28.4402,400,30.0,700,30.01,30.005,,0.0,400.0
197,09:39:53.861777397,09:39:53.000000000,sh600338,26.7739,82500,29.99,1100,30.01,30.0,,0.0,400.0
198,09:39:56.864550153,09:39:56.000000000,sh600338,29.6291,2800,30.0,300,30.01,30.005,,0.0,400.0
199,09:39:59.862125885,09:39:59.000000000,sh600338,30.6106,1200,30.01,8000,30.02,30.015,,0.0,400.0
200,09:40:02.871868401,09:40:02.000000000,sh600338,35.5671,1900,30.04,100,30.06,30.05,,0.0,400.0
201,09:40:05.858746117,09:40:05.000000000,sh600338,29.2142,1500,30.08,7800,30.09,30.085,,0.0,400.0
202,09:40:08.858634144,09:40:08.000000000,sh600338,33.1002,6900,30.06,6600,30.07,30.065,,0.0,400.0
203,09:40:11.861360009,09:40:11.000000000,sh600338,26.6259,1200,30.1,2800,30.11,30.105,,0.0,400.0
204,09:40:14.858196000,09:40:14.000000000,sh600338,23.615,800,30.09,1500,30.1,30.095,,0.0,400.0
205,09:40:17.857238513,09:40:17.000000000,sh600338,38.8659,6300,30.02,100,30.03,30.025,,0.0,400.0
206,09:40:20.864597720,09:40:20.000000000,sh600338,30.0037,900,30.03,100,30.05,30.04,,0.0,400.0
207,09:40:23.864990851,09:40:23.000000000,sh600338,29.9578,14400,30.01,600,30.02,30.015,,0.0,400.0
208,09:40:26.865014760,09:40:26.000000000,sh600338,29.8129,6600,30.01,1600,30.02,30.015,,0.0,400.0
209,09:40:29.861955072,09:40:29.000000000,sh600338,28.3537,39000,30.0,3200,30.01,30.005,,0.0,400.0
210,09:40:32.861067891,09:40:32.000000000,sh600338,25.2612,1700,30.02,600,30.03,30.025,,0.0,400.0
211,09:40:35.867567624,09:40:35.000000000,sh600338,26.9935,200,30.02,1600,30.03,30.025,,0.0,400.0
212,09:40:38.862097772,09:40:38.000000000,sh600338,27.5483,1100,30.01,200,30.02,30.015,,0.0,400.0
213,09:40:41.868271800,09:40:41.000000000,sh600338,28.8336,6000,30.01,4600,30.02,30.015,,0.0,400.0
214,09:40:44.861567562,09:40:44.000000000,sh600338,28.3674,3000,30.01,3700,30.02,30.015,,0.0,400.0
215,09:40:47.856688701,09:40:47.000000000,sh600338,29.6102,68000,30.0,2400,30.02,30.01,,0.0,400.0
216,09:40:50.864908621,09:40:50.000000000,sh600338,29.4682,100,30.01,3700,30.02,30.015,,0.0,400.0
217,09:40:53.854956477,09:40:53.000000000,sh600338,27.605,58800,30.0,1100,30.01,30.005,,0.0,400.0
218,09:40:56.858155702,09:40:56.000000000,sh600338,27.0441,300,30.01,4300,30.02,30.015,,0.0,400.0
219,09:40:59.862770351,09:40:59.000000000,sh600338,28.1506,20300,30.01,6900,30.02,30.015,,0.0,400.0
220,09:41:02.857581229,09:41:02.000000000,sh600338,26.4649,200,30.03,2100,30.04,30.035,,0.0,400.0
221,09:41:05.866576226,09:41:05.000000000,sh600338,26.3059,3200,30.04,24500,30.09,30.065,,0.0,400.0
222,09:41:08.859489209,09:41:08.000000000,sh600338,30.6423,7900,30.05,1800,30.06,30.055,,0.0,400.0
223,09:41:11.858854557,09:41:11.000000000,sh600338,26.3069,3700,30.09,26600,30.1,30.095,,0.0,400.0
224,09:41:14.860588736,09:41:14.000000000,sh600338,31.5395,7800,30.08,5600,30.09,30.085,,0.0,400.0
225,09:41:17.861650725,09:41:17.000000000,sh600338,30.0164,1500,30.1,9100,30.11,30.105,,0.0,400.0
226,09:41:20.855038427,09:41:20.000000000,sh600338,27.6641,1700,30.12,2500,30.13,30.125,,0.0,400.0
227,09:41:23.856530939,09:41:23.000000000,sh600338,28.980999999999998,6800,30.08,600,30.09,30.085,,0.0,400.0
228,09:41:26.864159893,09:41:26.000000000,sh600338,22.2402,400,30.11,3500,30.13,30.12,,0.0,400.0
229,09:41:29.858014964,09:41:29.000000000,sh600338,22.7309,1200,30.11,19300,30.13,30.12,,0.0,400.0
230,09:41:32.863523467,09:41:32.000000000,sh600338,20.358,900,30.1,19000,30.13,30.115,,0.0,400.0
231,09:41:35.866870040,09:41:35.000000000,sh600338,20.264,2100,30.1,2400,30.12,30.11,,0.0,400.0
232,09:41:38.857509075,09:41:38.000000000,sh600338,19.2472,200,30.11,100,30.12,30.115,,0.0,400.0
233,09:41:41.860096600,09:41:41.000000000,sh600338,18.1867,4000,30.11,3400,30.12,30.115,,0.0,400.0
234,09:41:44.868383064,09:41:44.000000000,sh600338,18.3959,2000,30.11,200,30.12,30.115,,0.0,400.0
235,09:41:47.866687742,09:41:47.000000000,sh600338,19.0127,5000,30.11,700,30.12,30.115,,0.0,400.0
236,09:41:50.867480649,09:41:50.000000000,sh600338,19.545,600,30.12,25000,30.13,30.125,,0.0,400.0
237,09:41:53.860150493,09:41:53.000000000,sh600338,18.3446,10400,30.1,48700,30.11,30.105,,0.0,400.0
238,09:41:56.857602437,09:41:56.000000000,sh600338,18.3517,13600,30.1,40300,30.11,30.105,,0.0,400.0
239,09:41:59.856636885,09:41:59.000000000,sh600338,18.0637,3600,30.1,37200,30.11,30.105,,0.0,400.0
240,09:42:02.868052998,09:42:02.000000000,sh600338,18.8324,500,30.1,31100,30.11,30.105,,0.0,400.0
241,09:42:05.857348474,09:42:05.000000000,sh600338,21.6908,2600,30.02,10100,30.1,30.06,,0.0,400.0
242,09:42:08.863789512,09:42:08.000000000,sh600338,19.9292,3200,30.04,8800,30.09,30.065,,0.0,400.0
243,09:42:11.857978349,09:42:11.000000000,sh600338,22.7051,2600,30.02,1300,30.03,30.025,,0.0,400.0
244,09:42:14.859309818,09:42:14.000000000,sh600338,21.6311,31200,30.01,15400,30.02,30.015,,0.0,400.0
245,09:42:17.858383748,09:42:17.000000000,sh600338,15.5638,27600,29.97,11100,29.98,29.975,,0.0,400.0
246,09:42:20.868674950,09:42:20.000000000,sh600338,16.2576,10300,29.94,22200,29.96,29.95,,0.0,400.0
247,09:42:23.857331074,09:42:23.000000000,sh600338,18.0184,19100,29.92,2400,29.94,29.93,,0.0,400.0
248,09:42:26.866054642,09:42:26.000000000,sh600338,22.7052,8600,29.91,4000,29.92,29.915,,0.0,400.0
249,09:42:29.854353608,09:42:29.000000000,sh600338,23.0751,132100,29.9,9700,29.91,29.905,,0.0,400.0
250,09:42:32.864620371,09:42:32.000000000,sh600338,20.2252,3300,29.93,3000,29.96,29.945,,0.0,400.0
251,09:42:35.868638241,09:42:35.000000000,sh600338,20.5723,300,29.93,2800,29.96,29.945,,0.0,400.0
252,09:42:38.861455809,09:42:38.000000000,sh600338,28.7504,14800,29.91,3700,29.93,29.92,,0.0,400.0
253,09:42:41.860286290,09:42:41.000000000,sh600338,31.5375,19200,29.91,500,29.93,29.92,,0.0,400.0
254,09:42:44.860852256,09:42:44.000000000,sh600338,21.5676,100,29.95,3200,29.97,29.96,,0.0,400.0
255,09:42:47.866730713,09:42:47.000000000,sh600338,22.8785,4900,29.97,20900,29.98,29.975,,0.0,400.0
256,09:42:50.864459126,09:42:50.000000000,sh600338,23.5598,6700,29.97,19700,29.98,29.975,,0.0,400.0
257,09:42:53.854153164,09:42:53.000000000,sh600338,23.3181,7900,29.97,14700,29.98,29.975,,0.0,400.0
258,09:42:56.854124931,09:42:56.000000000,sh600338,23.7008,1700,29.96,10200,29.98,29.97,,0.0,400.0
259,09:42:59.861165049,09:42:59.000000000,sh600338,19.2513,500,29.98,3500,29.99,29.985,,0.0,400.0
260,09:43:02.856775727,09:43:02.000000000,sh600338,21.6581,400,29.96,6500,29.97,29.965,,0.0,400.0
261,09:43:05.856360092,09:43:05.000000000,sh600338,21.1853,7000,29.96,1100,29.97,29.965,,0.0,400.0
262,09:43:08.861607761,09:43:08.000000000,sh600338,28.2363,200,30.01,500,30.02,30.015,,0.0,400.0
263,09:43:11.853549570,09:43:11.000000000,sh600338,15.6471,300,30.03,1300,30.07,30.05,,0.0,400.0
264,09:43:14.855107772,09:43:14.000000000,sh600338,18.7945,15600,30.04,20100,30.08,30.06,,0.0,400.0
265,09:43:17.856415940,09:43:17.000000000,sh600338,21.5406,31900,30.1,41600,30.11,30.105,,0.0,400.0
266,09:43:20.860494337,09:43:20.000000000,sh600338,22.9966,15300,30.13,26100,30.14,30.135,,0.0,400.0
267,09:43:23.858113529,09:43:23.000000000,sh600338,22.7332,6300,30.14,27100,30.15,30.145,,0.0,400.0
268,09:43:26.866918159,09:43:26.000000000,sh600338,27.6893,8500,30.12,7300,30.13,30.125,,0.0,400.0
269,09:43:29.857951553,09:43:29.000000000,sh600338,21.7378,9900,30.13,12100,30.14,30.135,,0.0,400.0
270,09:43:32.866587385,09:43:32.000000000,sh600338,19.9286,1100,30.13,14200,30.14,30.135,,0.0,400.0
271,09:43:35.865386236,09:43:35.000000000,sh600338,18.0453,500,30.12,200,30.13,30.125,,0.0,400.0
272,09:43:38.856577223,09:43:38.000000000,sh600338,18.9284,1700,30.11,100,30.12,30.115,,0.0,400.0
273,09:43:41.861576145,09:43:41.000000000,sh600338,17.7277,19400,30.1,1900,30.11,30.105,,0.0,400.0
274,09:43:44.854698968,09:43:44.000000000,sh600338,17.4873,20000,30.1,700,30.11,30.105,,0.0,400.0
275,09:43:47.864907693,09:43:47.000000000,sh600338,16.3578,2600,30.11,300,30.12,30.115,,0.0,400.0
276,09:43:50.856004494,09:43:50.000000000,sh600338,17.9345,3800,30.11,2400,30.12,30.115,,0.0,400.0
277,09:43:53.857076169,09:43:53.000000000,sh600338,15.3368,800,30.12,18700,30.14,30.13,,0.0,400.0
278,09:43:56.860477705,09:43:56.000000000,sh600338,13.8487,1600,30.13,12300,30.14,30.135,,0.0,400.0
279,09:43:59.865872931,09:43:59.000000000,sh600338,15.052,2900,30.13,7700,30.14,30.135,,0.0,400.0
280,09:44:02.855748021,09:44:02.000000000,sh600338,16.4508,4200,30.13,5800,30.14,30.135,,0.0,400.0
281,09:44:05.865310567,09:44:05.000000000,sh600338,19.2072,13500,30.12,9600,30.13,30.125,,0.0,400.0
282,09:44:08.859886665,09:44:08.000000000,sh600338,18.6206,16900,30.12,7100,30.13,30.125,,0.0,400.0
283,09:44:11.864582679,09:44:11.000000000,sh600338,17.0088,100,30.13,22200,30.14,30.135,,0.0,400.0
284,09:44:14.859562212,09:44:14.000000000,sh600338,17.6415,7100,30.11,2200,30.12,30.115,,0.0,400.0
285,09:44:17.867730355,09:44:17.000000000,sh600338,16.6315,500,30.13,18600,30.14,30.135,,0.0,400.0
286,09:44:20.860685032,09:44:20.000000000,sh600338,19.4712,4800,30.11,1200,30.12,30.115,,0.0,400.0
287,09:44:23.864930817,09:44:23.000000000,sh600338,17.562,4700,30.11,4300,30.12,30.115,,0.0,400.0
288,09:44:26.864691401,09:44:26.000000000,sh600338,16.71,7600,30.11,3700,30.12,30.115,,0.0,400.0
289,09:44:29.866138485,09:44:29.000000000,sh600338,15.8473,7000,30.11,2800,30.12,30.115,,0.0,400.0
290,09:44:32.859671135,09:44:32.000000000,sh600338,14.333,3100,30.17,2300,30.18,30.175,,0.0,400.0
291,09:44:35.864276366,09:44:35.000000000,sh600338,19.6995,11800,30.19,3000,30.2,30.195,,0.0,400.0
292,09:44:38.862712124,09:44:38.000000000,sh600338,23.3489,3100,30.22,6200,30.24,30.23,,0.0,400.0
293,09:44:41.855411871,09:44:41.000000000,sh600338,24.2601,600,30.25,200,30.26,30.255,,0.0,400.0
294,09:44:44.855322808,09:44:44.000000000,sh600338,24.3413,6600,30.25,3100,30.26,30.255,,0.0,400.0
295,09:44:47.860914358,09:44:47.000000000,sh600338,28.1641,9600,30.26,2700,30.3,30.28,,0.0,400.0
296,09:44:50.864384526,09:44:50.000000000,sh600338,25.1168,2300,30.29,22800,30.3,30.295,,0.0,400.0
297,09:44:53.867624242,09:44:53.000000000,sh600338,28.7599,1400,30.27,2500,30.28,30.275,,0.0,400.0
298,09:44:56.865483689,09:44:56.000000000,sh600338,29.9057,900,30.3,2100,30.31,30.305,,0.0,400.0
299,09:44:59.865360012,09:44:59.000000000,sh600338,26.6722,3000,30.28,1100,30.29,30.285,,0.0,400.0
300,09:45:02.867796796,09:45:02.000000000,sh600338,32.7296,1900,30.28,600,30.3,30.29,,0.0,400.0
301,09:45:05.859521894,09:45:05.000000000,sh600338,23.3974,25200,30.29,12400,30.4,30.345,,0.0,400.0
302,09:45:08.868251688,09:45:08.000000000,sh600338,33.838,21500,30.29,2200,30.3,30.295,,0.0,400.0
303,09:45:11.858291817,09:45:11.000000000,sh600338,21.5231,1600,30.3,500,30.38,30.34,,0.0,400.0
304,09:45:14.860291631,09:45:14.000000000,sh600338,19.3727,4500,30.3,8700,30.38,30.34,,0.0,400.0
305,09:45:17.855012965,09:45:17.000000000,sh600338,28.0594,400,30.32,1300,30.36,30.34,,0.0,400.0
306,09:45:20.854491477,09:45:20.000000000,sh600338,25.3027,200,30.32,16800,30.38,30.35,,0.0,400.0
307,09:45:23.856419959,09:45:23.000000000,sh600338,20.9321,1900,30.37,11600,30.38,30.375,,0.0,400.0
308,09:45:26.857015145,09:45:26.000000000,sh600338,23.8515,500,30.4,5700,30.41,30.405,,0.0,400.0
309,09:45:29.856909142,09:45:29.000000000,sh600338,8.97535,900,30.41,2300,30.42,30.415,,0.0,400.0
310,09:45:32.853421832,09:45:32.000000000,sh600338,9.08124,21900,30.41,1000,30.42,30.415,,0.0,400.0
311,09:45:35.867536299,09:45:35.000000000,sh600338,6.04027,2500,30.44,900,30.46,30.45,,0.0,400.0
312,09:45:38.855240569,09:45:38.000000000,sh600338,4.58783,300,30.43,1700,30.46,30.445,,0.0,400.0
313,09:45:41.865974871,09:45:41.000000000,sh600338,1.12689,2200,30.41,21100,30.45,30.43,,0.0,400.0
314,09:45:44.861237328,09:45:44.000000000,sh600338,10.2586,2200,30.4,1600,30.42,30.41,,0.0,400.0
315,09:45:47.859222717,09:45:47.000000000,sh600338,15.5568,19800,30.39,500,30.4,30.395,,0.0,400.0
316,09:45:50.864153419,09:45:50.000000000,sh600338,14.4619,13300,30.39,15500,30.4,30.395,,0.0,400.0
317,09:45:53.859533332,09:45:53.000000000,sh600338,9.243210000000001,500,30.37,40300,30.39,30.38,,0.0,400.0
318,09:45:56.852813434,09:45:56.000000000,sh600338,9.13157,300,30.34,40100,30.39,30.365,,0.0,400.0
319,09:45:59.865404531,09:45:59.000000000,sh600338,5.76433,400,30.34,500,30.36,30.35,,0.0,400.0
320,09:46:02.854521221,09:46:02.000000000,sh600338,9.957469999999999,500,30.35,900,30.36,30.355,,0.0,400.0
321,09:46:05.868370643,09:46:05.000000000,sh600338,8.74935,100,30.38,4800,30.39,30.385,,0.0,400.0
322,09:46:08.865336556,09:46:08.000000000,sh600338,14.6062,4500,30.35,700,30.36,30.355,,0.0,400.0
323,09:46:11.864079535,09:46:11.000000000,sh600338,18.406,2500,30.4,5600,30.41,30.405,,0.0,400.0
324,09:46:14.859142536,09:46:14.000000000,sh600338,-4.73361,3300,30.44,19200,30.45,30.445,,0.0,400.0
325,09:46:17.864479098,09:46:17.000000000,sh600338,2.30818,2300,30.41,1000,30.43,30.42,,0.0,400.0
326,09:46:20.859764868,09:46:20.000000000,sh600338,18.2742,4400,30.4,100,30.41,30.405,,0.0,400.0
327,09:46:23.857037214,09:46:23.000000000,sh600338,-3.39871,200,30.41,300,30.44,30.425,,0.0,400.0
328,09:46:26.857377238,09:46:26.000000000,sh600338,17.9597,700,30.37,3500,30.38,30.375,,0.0,400.0
329,09:46:29.865307742,09:46:29.000000000,sh600338,12.7833,300,30.35,3200,30.37,30.36,,0.0,400.0
330,09:46:32.868291823,09:46:32.000000000,sh600338,2.49495,1300,30.34,162100,30.35,30.345,,0.0,400.0
331,09:46:35.860123080,09:46:35.000000000,sh600338,3.46757,8800,30.3,151700,30.35,30.325,,0.0,400.0
332,09:46:38.861328615,09:46:38.000000000,sh600338,9.05283,300,30.32,10800,30.34,30.33,,0.0,400.0
333,09:46:41.871256959,09:46:41.000000000,sh600338,5.601319999999999,38900,30.3,3800,30.34,30.32,,0.0,400.0
334,09:46:44.856067497,09:46:44.000000000,sh600338,9.5108,300,30.31,900,30.32,30.315,,0.0,400.0
335,09:46:47.862521434,09:46:47.000000000,sh600338,11.9188,100,30.27,8300,30.29,30.28,,0.0,400.0
336,09:46:50.868621405,09:46:50.000000000,sh600338,14.3323,7900,30.28,3800,30.29,30.285,,0.0,400.0
337,09:46:53.855339840,09:46:53.000000000,sh600338,14.9824,100,30.27,19100,30.3,30.285,,0.0,400.0
338,09:46:56.863943627,09:46:56.000000000,sh600338,16.0988,1000,30.27,900,30.28,30.275,,0.0,400.0
339,09:46:59.866166043,09:46:59.000000000,sh600338,20.4504,1800,30.26,200,30.27,30.265,,0.0,400.0
340,09:47:02.858726371,09:47:02.000000000,sh600338,18.0547,1300,30.26,2400,30.27,30.265,,0.0,400.0
341,09:47:05.861305644,09:47:05.000000000,sh600338,19.559,600,30.23,7500,30.24,30.235,,0.0,400.0
342,09:47:08.857806554,09:47:08.000000000,sh600338,10.9534,21200,30.2,17100,30.21,30.205,,0.0,400.0
343,09:47:11.862938030,09:47:11.000000000,sh600338,17.808,100,30.13,400,30.16,30.145,,0.0,400.0
344,09:47:14.867958973,09:47:14.000000000,sh600338,13.1316,5200,30.16,100,30.18,30.17,,0.0,400.0
345,09:47:17.855151617,09:47:17.000000000,sh600338,11.6164,2000,30.19,2800,30.2,30.195,,0.0,400.0
346,09:47:20.866930269,09:47:20.000000000,sh600338,15.5109,8300,30.17,2000,30.2,30.185,,0.0,400.0
347,09:47:23.857925170,09:47:23.000000000,sh600338,20.5642,1100,30.2,1000,30.21,30.205,,0.0,400.0
348,09:47:26.853438668,09:47:26.000000000,sh600338,26.6445,1400,30.21,1100,30.24,30.225,,0.0,400.0
349,09:47:29.852176140,09:47:29.000000000,sh600338,28.0502,600,30.21,900,30.24,30.225,,0.0,400.0
350,09:47:32.866315305,09:47:32.000000000,sh600338,32.5691,82600,30.2,3300,30.21,30.205,,0.0,400.0
351,09:47:35.865500299,09:47:35.000000000,sh600338,29.9039,3100,30.21,600,30.22,30.215,,0.0,400.0
352,09:47:38.859918225,09:47:38.000000000,sh600338,27.5829,29700,30.2,9300,30.21,30.205,,0.0,400.0
353,09:47:41.853794227,09:47:41.000000000,sh600338,23.939,2000,30.2,14700,30.21,30.205,,0.0,400.0
354,09:47:44.853421782,09:47:44.000000000,sh600338,20.9548,500,30.2,17500,30.21,30.205,,0.0,400.0
355,09:47:47.862074264,09:47:47.000000000,sh600338,20.5982,1100,30.2,10900,30.21,30.205,,0.0,400.0
356,09:47:50.856262391,09:47:50.000000000,sh600338,22.5796,200,30.18,8000,30.19,30.185,,0.0,400.0
357,09:47:53.867151772,09:47:53.000000000,sh600338,18.6304,3800,30.2,14000,30.21,30.205,,0.0,400.0
358,09:47:56.866781693,09:47:56.000000000,sh600338,20.8016,7400,30.17,2300,30.2,30.185,,0.0,400.0
359,09:47:59.867465648,09:47:59.000000000,sh600338,19.0181,1000,30.17,9400,30.2,30.185,,0.0,400.0
360,09:48:02.857484505,09:48:02.000000000,sh600338,23.1538,1200,30.16,100,30.18,30.17,,0.0,400.0
361,09:48:05.852151652,09:48:05.000000000,sh600338,23.2249,9200,30.11,5800,30.12,30.115,,0.0,400.0
362,09:48:08.859229486,09:48:08.000000000,sh600338,21.0691,6800,30.1,14000,30.11,30.105,,0.0,400.0
363,09:48:11.856444235,09:48:11.000000000,sh600338,21.2714,23600,30.09,800,30.1,30.095,,0.0,400.0
364,09:48:14.864512710,09:48:14.000000000,sh600338,21.1533,4300,30.1,13500,30.11,30.105,,0.0,400.0
365,09:48:17.862473628,09:48:17.000000000,sh600338,24.2665,600,30.13,700,30.15,30.14,,0.0,400.0
366,09:48:20.866615979,09:48:20.000000000,sh600338,25.0086,1300,30.15,5800,30.2,30.175,,0.0,400.0
367,09:48:23.864558717,09:48:23.000000000,sh600338,23.1612,200,30.18,5200,30.2,30.19,,0.0,400.0
368,09:48:26.861423222,09:48:26.000000000,sh600338,26.5827,100,30.18,800,30.2,30.19,,0.0,400.0
369,09:48:29.861516250,09:48:29.000000000,sh600338,28.5474,1400,30.17,100,30.18,30.175,,0.0,400.0
370,09:48:32.858356359,09:48:32.000000000,sh600338,27.9136,1300,30.16,500,30.17,30.165,,0.0,400.0
371,09:48:35.852475223,09:48:35.000000000,sh600338,24.7013,2700,30.16,20900,30.2,30.18,,0.0,400.0
372,09:48:38.860232965,09:48:38.000000000,sh600338,23.0222,1800,30.2,200,30.21,30.205,,0.0,400.0
373,09:48:41.867753019,09:48:41.000000000,sh600338,24.2201,900,30.18,48900,30.2,30.19,,0.0,400.0
374,09:48:44.854277815,09:48:44.000000000,sh600338,21.4603,1000,30.18,49900,30.2,30.19,,0.0,400.0
375,09:48:47.856392094,09:48:47.000000000,sh600338,21.449,100,30.18,49500,30.2,30.19,,0.0,400.0
376,09:48:50.865209925,09:48:50.000000000,sh600338,24.9879,1300,30.17,100,30.18,30.175,,0.0,400.0
377,09:48:53.856927501,09:48:53.000000000,sh600338,26.2581,1200,30.16,3500,30.17,30.165,,0.0,400.0
378,09:48:56.859498964,09:48:56.000000000,sh600338,24.5499,900,30.16,2200,30.17,30.165,,0.0,400.0
379,09:48:59.864909930,09:48:59.000000000,sh600338,25.2026,800,30.16,200,30.17,30.165,,0.0,400.0
380,09:49:02.868064822,09:49:02.000000000,sh600338,27.5992,3300,30.17,900,30.18,30.175,,0.0,400.0
381,09:49:05.862167282,09:49:05.000000000,sh600338,24.9657,2800,30.17,1700,30.18,30.175,,0.0,400.0
382,09:49:08.863423148,09:49:08.000000000,sh600338,24.5668,1200,30.17,200,30.19,30.18,,0.0,400.0
383,09:49:11.858108585,09:49:11.000000000,sh600338,28.9089,2400,30.16,300,30.17,30.165,,0.0,400.0
384,09:49:14.861147193,09:49:14.000000000,sh600338,26.374000000000002,600,30.15,200,30.17,30.16,,0.0,400.0
385,09:49:17.856618125,09:49:17.000000000,sh600338,26.4504,100,30.15,3600,30.17,30.16,,0.0,400.0
386,09:49:20.856092656,09:49:20.000000000,sh600338,22.1611,100,30.16,18900,30.17,30.165,,0.0,400.0
387,09:49:23.867348871,09:49:23.000000000,sh600338,24.6804,700,30.15,100,30.16,30.155,,0.0,400.0
388,09:49:26.866699016,09:49:26.000000000,sh600338,20.238,400,30.16,19500,30.17,30.165,,0.0,400.0
389,09:49:29.865393831,09:49:29.000000000,sh600338,23.5175,4000,30.15,1400,30.16,30.155,,0.0,400.0
390,09:49:32.853433392,09:49:32.000000000,sh600338,19.3948,800,30.16,19400,30.17,30.165,,0.0,400.0
391,09:49:35.862466401,09:49:35.000000000,sh600338,24.6098,6100,30.1,77100,30.11,30.105,,0.0,400.0
392,09:49:38.853702282,09:49:38.000000000,sh600338,19.8491,900,30.08,100,30.09,30.085,,0.0,400.0
393,09:49:41.861000442,09:49:41.000000000,sh600338,19.9741,500,30.06,400,30.07,30.065,,0.0,400.0
394,09:49:44.863644338,09:49:44.000000000,sh600338,23.4083,200,30.03,200,30.06,30.045,,0.0,400.0
395,09:49:47.856032759,09:49:47.000000000,sh600338,23.0499,400,30.03,100,30.06,30.045,,0.0,400.0
396,09:49:50.864428058,09:49:50.000000000,sh600338,22.1086,400,30.03,600,30.07,30.05,,0.0,400.0
397,09:49:53.856554548,09:49:53.000000000,sh600338,21.9119,6600,30.02,800,30.07,30.045,,0.0,400.0
398,09:49:56.861199986,09:49:56.000000000,sh600338,20.3977,200,30.03,3500,30.07,30.05,,0.0,400.0
399,09:49:59.861129751,09:49:59.000000000,sh600338,20.7129,200,30.04,4100,30.07,30.055,,0.0,400.0
400,09:50:02.866461548,09:50:02.000000000,sh600338,19.9554,2500,30.03,7200,30.07,30.05,,0.0,400.0
401,09:50:05.862841330,09:50:05.000000000,sh600338,17.0281,1200,30.05,6100,30.07,30.06,,0.0,400.0
402,09:50:08.860768655,09:50:08.000000000,sh600338,21.6547,700,30.02,4100,30.03,30.025,,0.0,400.0
403,09:50:11.862185082,09:50:11.000000000,sh600338,20.034000000000002,185400,30.0,38800,30.01,30.005,,0.0,400.0
404,09:50:14.858766117,09:50:14.000000000,sh600338,13.1781,2500,29.97,300,29.98,29.975,,0.0,400.0
405,09:50:17.854021615,09:50:17.000000000,sh600338,14.0402,14900,29.95,1900,29.97,29.96,,0.0,400.0
406,09:50:20.852157431,09:50:20.000000000,sh600338,16.1215,1400,29.94,1400,29.95,29.945,,0.0,400.0
407,09:50:23.862992856,09:50:23.000000000,sh600338,16.8423,5100,29.93,700,29.94,29.935,,0.0,400.0
408,09:50:26.863269496,09:50:26.000000000,sh600338,19.8164,23500,29.91,4400,29.92,29.915,,0.0,400.0
409,09:50:29.863010920,09:50:29.000000000,sh600338,20.3864,7000,29.91,200,29.92,29.915,,0.0,400.0
410,09:50:32.862442431,09:50:32.000000000,sh600338,22.763,3700,29.91,300,29.92,29.915,,0.0,400.0
411,09:50:35.854669140,09:50:35.000000000,sh600338,11.497,100,29.96,8800,29.97,29.965,,0.0,400.0
412,09:50:38.863554145,09:50:38.000000000,sh600338,16.3435,48000,29.95,2300,29.96,29.955,,0.0,400.0
413,09:50:41.860718035,09:50:41.000000000,sh600338,17.0813,46200,29.95,1000,29.96,29.955,,0.0,400.0
414,09:50:44.858037747,09:50:44.000000000,sh600338,16.7926,41900,29.95,4400,29.97,29.96,,0.0,400.0
415,09:50:47.864579378,09:50:47.000000000,sh600338,19.0312,1400,29.96,2700,29.97,29.965,,0.0,400.0
416,09:50:50.860168979,09:50:50.000000000,sh600338,21.413,13000,29.96,400,29.97,29.965,,0.0,400.0
417,09:50:53.858534431,09:50:53.000000000,sh600338,17.5185,400,29.99,10800,30.0,29.995,,0.0,400.0
418,09:50:56.855898840,09:50:56.000000000,sh600338,17.5483,100,29.99,9300,30.0,29.995,,0.0,400.0
419,09:50:59.855948645,09:50:59.000000000,sh600338,25.0084,6200,30.02,3800,30.03,30.025,,0.0,400.0
420,09:51:02.856148574,09:51:02.000000000,sh600338,20.5116,100,30.06,300,30.07,30.065,,0.0,400.0
421,09:51:05.863706046,09:51:05.000000000,sh600338,20.1843,1600,30.09,5600,30.1,30.095,,0.0,400.0
422,09:51:08.865295907,09:51:08.000000000,sh600338,22.8756,1800,30.1,66400,30.11,30.105,,0.0,400.0
423,09:51:11.853282303,09:51:11.000000000,sh600338,26.9271,3000,30.1,14800,30.11,30.105,,0.0,400.0
424,09:51:14.857742042,09:51:14.000000000,sh600338,26.8084,7300,30.11,200,30.13,30.12,,0.0,400.0
425,09:51:17.860455485,09:51:17.000000000,sh600338,24.8519,100,30.14,300,30.15,30.145,,0.0,400.0
426,09:51:20.858176240,09:51:20.000000000,sh600338,27.4595,3800,30.13,1000,30.14,30.135,,0.0,400.0
427,09:51:23.856101120,09:51:23.000000000,sh600338,27.0673,1600,30.11,300,30.12,30.115,,0.0,400.0
428,09:51:26.862480385,09:51:26.000000000,sh600338,24.2782,2000,30.09,1900,30.12,30.105,,0.0,400.0
429,09:51:29.858552105,09:51:29.000000000,sh600338,23.4767,200,30.08,300,30.09,30.085,,0.0,400.0
430,09:51:32.854352500,09:51:32.000000000,sh600338,19.3958,2100,30.07,3400,30.09,30.08,,0.0,400.0
431,09:51:35.866198509,09:51:35.000000000,sh600338,22.6365,1400,30.04,800,30.07,30.055,,0.0,400.0
432,09:51:38.864369591,09:51:38.000000000,sh600338,22.3908,700,30.03,1400,30.07,30.05,,0.0,400.0
433,09:51:41.863714871,09:51:41.000000000,sh600338,19.3661,5000,30.07,600,30.08,30.075,,0.0,400.0
434,09:51:44.862268039,09:51:44.000000000,sh600338,17.2913,400,30.06,3700,30.07,30.065,,0.0,400.0
435,09:51:47.856089997,09:51:47.000000000,sh600338,16.9729,1400,30.06,3200,30.07,30.065,,0.0,400.0
436,09:51:50.858306238,09:51:50.000000000,sh600338,20.0967,400,30.05,1700,30.06,30.055,,0.0,400.0
437,09:51:53.864346320,09:51:53.000000000,sh600338,21.1703,900,30.04,500,30.06,30.05,,0.0,400.0
438,09:51:56.853863817,09:51:56.000000000,sh600338,21.2332,1600,30.03,2100,30.05,30.04,,0.0,400.0
439,09:51:59.864846930,09:51:59.000000000,sh600338,26.4237,800,30.07,500,30.08,30.075,,0.0,400.0
440,09:52:02.854063481,09:52:02.000000000,sh600338,23.4557,400,30.08,1000,30.09,30.085,,0.0,400.0
441,09:52:05.859637024,09:52:05.000000000,sh600338,25.5472,1300,30.09,1000,30.1,30.095,,0.0,400.0
442,09:52:08.853260050,09:52:08.000000000,sh600338,24.8592,500,30.09,1300,30.1,30.095,,0.0,400.0
443,09:52:11.852712841,09:52:11.000000000,sh600338,24.3656,500,30.1,700,30.11,30.105,,0.0,400.0
444,09:52:14.867457432,09:52:14.000000000,sh600338,23.4393,1700,30.09,800,30.1,30.095,,0.0,400.0
445,09:52:17.855328469,09:52:17.000000000,sh600338,20.0412,2700,30.03,400,30.04,30.035,,0.0,400.0
446,09:52:20.856237627,09:52:20.000000000,sh600338,22.6052,2100,30.03,20200,30.05,30.04,,0.0,400.0
447,09:52:23.855883486,09:52:23.000000000,sh600338,23.8922,900,30.01,20100,30.05,30.03,,0.0,400.0
448,09:52:26.858619824,09:52:26.000000000,sh600338,20.1099,400,30.01,3700,30.04,30.025,,0.0,400.0
449,09:52:29.861262579,09:52:29.000000000,sh600338,24.0129,10800,30.0,1400,30.01,30.005,,0.0,400.0
450,09:52:32.861599628,09:52:32.000000000,sh600338,29.3405,1300,30.0,2300,30.01,30.005,,0.0,400.0
451,09:52:35.861812985,09:52:35.000000000,sh600338,22.1102,400,29.99,57900,30.0,29.995,,0.0,400.0
452,09:52:38.861065084,09:52:38.000000000,sh600338,22.6648,1800,29.98,1600,29.99,29.985,,0.0,400.0
453,09:52:41.860444598,09:52:41.000000000,sh600338,25.8046,1800,29.99,8000,30.0,29.995,,0.0,400.0
454,09:52:44.856618287,09:52:44.000000000,sh600338,24.6815,1500,29.99,600,30.0,29.995,,0.0,400.0
455,09:52:47.861008057,09:52:47.000000000,sh600338,29.505,3300,29.97,1100,29.98,29.975,,0.0,400.0
456,09:52:50.853758896,09:52:50.000000000,sh600338,24.9501,1900,29.97,2900,29.98,29.975,,0.0,400.0
457,09:52:53.857922147,09:52:53.000000000,sh600338,24.355,2500,29.97,2800,29.98,29.975,,0.0,400.0
458,09:52:56.864120739,09:52:56.000000000,sh600338,22.8738,5900,29.96,1600,29.97,29.965,,0.0,400.0
459,09:52:59.863908583,09:52:59.000000000,sh600338,22.5268,5700,29.96,2000,29.97,29.965,,0.0,400.0
460,09:53:02.860241576,09:53:02.000000000,sh600338,21.1914,3900,29.96,2400,29.97,29.965,,0.0,400.0
461,09:53:05.866815545,09:53:05.000000000,sh600338,22.4702,1500,29.97,500,29.99,29.98,,0.0,400.0
462,09:53:08.855146180,09:53:08.000000000,sh600338,23.9301,6700,29.96,200,29.97,29.965,,0.0,400.0
463,09:53:11.865510046,09:53:11.000000000,sh600338,21.7984,200,29.98,500,29.99,29.985,,0.0,400.0
464,09:53:14.863389955,09:53:14.000000000,sh600338,21.3022,1700,29.97,100,29.98,29.975,,0.0,400.0
465,09:53:17.864083418,09:53:17.000000000,sh600338,24.2588,11300,29.97,6300,30.0,29.985,,0.0,400.0
466,09:53:20.865156481,09:53:20.000000000,sh600338,23.7397,6100,29.97,2700,29.99,29.98,,0.0,400.0
467,09:53:23.852304752,09:53:23.000000000,sh600338,24.1286,1000,29.97,2700,29.99,29.98,,0.0,400.0
468,09:53:26.857094885,09:53:26.000000000,sh600338,22.7406,4400,29.96,300,29.97,29.965,,0.0,400.0
469,09:53:29.857756867,09:53:29.000000000,sh600338,26.1294,4700,29.94,4400,29.96,29.95,,0.0,400.0
470,09:53:32.860042042,09:53:32.000000000,sh600338,20.7599,11300,29.93,2100,29.96,29.945,,0.0,400.0
471,09:53:35.861979033,09:53:35.000000000,sh600338,24.2646,34700,29.92,1300,29.93,29.925,,0.0,400.0
472,09:53:38.857617470,09:53:38.000000000,sh600338,20.6332,100,29.94,1300,29.97,29.955,,0.0,400.0
473,09:53:41.863301173,09:53:41.000000000,sh600338,17.9504,14100,29.94,900,29.95,29.945,,0.0,400.0
474,09:53:44.863574009,09:53:44.000000000,sh600338,20.2684,10000,29.92,3300,29.94,29.93,,0.0,400.0
475,09:53:47.858846667,09:53:47.000000000,sh600338,20.1468,100,29.94,1800,29.95,29.945,,0.0,400.0
476,09:53:50.866854937,09:53:50.000000000,sh600338,22.2667,13200,29.92,100,29.94,29.93,,0.0,400.0
477,09:53:53.860682556,09:53:53.000000000,sh600338,22.2591,9800,29.92,600,29.94,29.93,,0.0,400.0
478,09:53:56.853940062,09:53:56.000000000,sh600338,22.6124,6500,29.92,4300,29.93,29.925,,0.0,400.0
479,09:53:59.861781941,09:53:59.000000000,sh600338,22.5373,4200,29.92,4600,29.93,29.925,,0.0,400.0
480,09:54:02.857616531,09:54:02.000000000,sh600338,26.3856,2700,29.92,5300,29.93,29.925,,0.0,400.0
481,09:54:05.862358675,09:54:05.000000000,sh600338,26.7997,8600,29.92,2800,29.93,29.925,,0.0,400.0
482,09:54:08.853089072,09:54:08.000000000,sh600338,24.4144,61600,29.91,1800,29.92,29.915,,0.0,400.0
483,09:54:11.857764037,09:54:11.000000000,sh600338,23.5488,57600,29.91,100,29.92,29.915,,0.0,400.0
484,09:54:14.858262647,09:54:14.000000000,sh600338,23.1558,5600,29.93,1100,29.95,29.94,,0.0,400.0
485,09:54:17.852346430,09:54:17.000000000,sh600338,21.7367,100,29.93,1100,29.95,29.94,,0.0,400.0
486,09:54:20.853926626,09:54:20.000000000,sh600338,20.9546,500,29.93,1300,29.95,29.94,,0.0,400.0
487,09:54:23.851927092,09:54:23.000000000,sh600338,24.1236,7700,29.92,6100,29.93,29.925,,0.0,400.0
488,09:54:26.861962992,09:54:26.000000000,sh600338,20.5481,500,29.95,600,29.96,29.955,,0.0,400.0
489,09:54:29.855712924,09:54:29.000000000,sh600338,21.0699,100,29.95,200,29.96,29.955,,0.0,400.0
490,09:54:32.857410581,09:54:32.000000000,sh600338,23.4589,900,29.95,1300,29.98,29.965,,0.0,400.0
491,09:54:35.853506046,09:54:35.000000000,sh600338,24.1526,2100,29.96,1000,29.98,29.97,,0.0,400.0
492,09:54:38.851974304,09:54:38.000000000,sh600338,24.6607,1000,29.96,700,29.98,29.97,,0.0,400.0
493,09:54:41.860235601,09:54:41.000000000,sh600338,27.9487,700,29.97,500,29.98,29.975,,0.0,400.0
494,09:54:44.864845326,09:54:44.000000000,sh600338,30.7128,100,29.94,300,29.95,29.945,,0.0,400.0
495,09:54:47.862785780,09:54:47.000000000,sh600338,32.3522,600,29.95,1600,29.96,29.955,,0.0,400.0
496,09:54:50.858636497,09:54:50.000000000,sh600338,31.3264,1500,29.94,500,29.95,29.945,,0.0,400.0
497,09:54:53.864998337,09:54:53.000000000,sh600338,23.755,500,29.95,11300,30.0,29.975,,0.0,400.0
498,09:54:56.857259149,09:54:56.000000000,sh600338,22.8443,72800,29.91,500,29.92,29.915,,0.0,400.0
499,09:54:59.853078500,09:54:59.000000000,sh600338,21.9832,230000,29.9,4800,29.91,29.905,,0.0,400.0
500,09:55:02.866024498,09:55:02.000000000,sh600338,18.3783,400,29.92,28400,29.93,29.925,,0.0,400.0
501,09:55:05.862067278,09:55:05.000000000,sh600338,20.8811,100,29.91,200,29.92,29.915,,0.0,400.0
502,09:55:08.853526452,09:55:08.000000000,sh600338,21.261999999999997,1600,29.92,27500,29.93,29.925,,0.0,400.0
503,09:55:11.859879460,09:55:11.000000000,sh600338,23.073,2500,29.91,2400,29.92,29.915,,0.0,400.0
504,09:55:14.852134534,09:55:14.000000000,sh600338,22.5009,100,29.92,10500,29.93,29.925,,0.0,400.0
505,09:55:17.858723147,09:55:17.000000000,sh600338,22.5938,21700,29.91,200,29.92,29.915,,0.0,400.0
506,09:55:20.861047073,09:55:20.000000000,sh600338,21.3001,400,29.92,10700,29.93,29.925,,0.0,400.0
507,09:55:23.854525863,09:55:23.000000000,sh600338,23.1199,18900,29.89,11200,29.9,29.895,,0.0,400.0
508,09:55:26.863570600,09:55:26.000000000,sh600338,15.7267,67400,29.88,8200,29.89,29.885,,0.0,400.0
509,09:55:29.858305988,09:55:29.000000000,sh600338,14.9982,44800,29.88,2700,29.89,29.885,,0.0,400.0
510,09:55:32.852670806,09:55:32.000000000,sh600338,14.7087,25900,29.88,500,29.89,29.885,,0.0,400.0
511,09:55:35.864837292,09:55:35.000000000,sh600338,14.040999999999999,16400,29.87,5000,29.88,29.875,,0.0,400.0
512,09:55:38.859350233,09:55:38.000000000,sh600338,13.429,14400,29.87,14470,29.88,29.875,,0.0,400.0
513,09:55:41.865337609,09:55:41.000000000,sh600338,12.5535,10500,29.87,18370,29.88,29.875,,0.0,400.0
514,09:55:44.858325502,09:55:44.000000000,sh600338,12.3569,51700,29.85,100,29.87,29.86,,0.0,400.0
515,09:55:47.863514162,09:55:47.000000000,sh600338,12.0031,51200,29.85,600,29.86,29.855,,0.0,400.0
516,09:55:50.865252609,09:55:50.000000000,sh600338,11.8557,47800,29.85,3800,29.86,29.855,,0.0,400.0
517,09:55:53.853124461,09:55:53.000000000,sh600338,12.8843,45100,29.85,5600,29.86,29.855,,0.0,400.0
518,09:55:56.867470705,09:55:56.000000000,sh600338,11.7873,25400,29.85,15300,29.87,29.86,,0.0,400.0
519,09:55:59.865949754,09:55:59.000000000,sh600338,11.2714,100,29.86,13800,29.87,29.865,,0.0,400.0
520,09:56:02.862084738,09:56:02.000000000,sh600338,13.7304,30300,29.81,10000,29.87,29.84,,0.0,400.0
521,09:56:05.860172463,09:56:05.000000000,sh600338,8.408760000000001,1000,29.85,2200,29.86,29.855,,0.0,400.0
522,09:56:08.852480282,09:56:08.000000000,sh600338,7.70971,81300,29.86,9900,29.87,29.865,,0.0,400.0
523,09:56:11.863388094,09:56:11.000000000,sh600338,13.5158,70500,29.86,8700,29.87,29.865,,0.0,400.0
524,09:56:14.851480812,09:56:14.000000000,sh600338,14.1345,56700,29.86,8700,29.87,29.865,,0.0,400.0
525,09:56:17.854366566,09:56:17.000000000,sh600338,14.3405,36600,29.86,3800,29.87,29.865,,0.0,400.0
526,09:56:20.858549903,09:56:20.000000000,sh600338,14.9156,15900,29.86,1800,29.87,29.865,,0.0,400.0
527,09:56:23.863267808,09:56:23.000000000,sh600338,14.5135,8200,29.86,700,29.87,29.865,,0.0,400.0
528,09:56:26.870884095,09:56:26.000000000,sh600338,14.1022,4500,29.86,12200,29.88,29.87,,0.0,400.0
529,09:56:29.857108828,09:56:29.000000000,sh600338,15.0589,100,29.87,6200,29.88,29.875,,0.0,400.0
530,09:56:32.860234184,09:56:32.000000000,sh600338,15.5967,5300,29.87,4400,29.88,29.875,,0.0,400.0
531,09:56:35.861984955,09:56:35.000000000,sh600338,16.2498,300,29.88,1100,29.89,29.885,,0.0,400.0
532,09:56:38.860262002,09:56:38.000000000,sh600338,16.3308,29380,29.88,800,29.89,29.885,,0.0,400.0
533,09:56:41.866138577,09:56:41.000000000,sh600338,16.7907,400,29.89,54800,29.9,29.895,,0.0,400.0
534,09:56:44.858476213,09:56:44.000000000,sh600338,17.4296,5100,29.89,54400,29.9,29.895,,0.0,400.0
535,09:56:47.853694301,09:56:47.000000000,sh600338,17.5735,9000,29.89,52400,29.9,29.895,,0.0,400.0
536,09:56:50.854681770,09:56:50.000000000,sh600338,18.1787,6400,29.89,49700,29.9,29.895,,0.0,400.0
537,09:56:53.860240610,09:56:53.000000000,sh600338,18.9429,5300,29.89,41800,29.9,29.895,,0.0,400.0
538,09:56:56.866003635,09:56:56.000000000,sh600338,18.5645,3100,29.89,39500,29.9,29.895,,0.0,400.0
539,09:56:59.855817398,09:56:59.000000000,sh600338,18.7737,3900,29.89,36700,29.9,29.895,,0.0,400.0
540,09:57:02.865076928,09:57:02.000000000,sh600338,16.6245,300,29.88,800,29.89,29.885,,0.0,400.0
541,09:57:05.861151433,09:57:05.000000000,sh600338,19.9792,9300,29.86,1500,29.89,29.875,,0.0,400.0
542,09:57:08.870703574,09:57:08.000000000,sh600338,20.5953,100,29.84,500,29.85,29.845,,0.0,400.0
543,09:57:11.856553702,09:57:11.000000000,sh600338,19.532,128700,29.8,1800,29.81,29.805,,0.0,400.0
544,09:57:14.866622129,09:57:14.000000000,sh600338,15.5477,12800,29.8,33100,29.81,29.805,,0.0,400.0
545,09:57:17.863333386,09:57:17.000000000,sh600338,14.0907,9300,29.78,11500,29.8,29.79,,0.0,400.0
546,09:57:20.853677607,09:57:20.000000000,sh600338,16.6112,4000,29.77,4000,29.78,29.775,,0.0,400.0
547,09:57:23.858516666,09:57:23.000000000,sh600338,23.833000000000002,5000,29.72,18600,29.73,29.725,,0.0,400.0
548,09:57:26.862640311,09:57:26.000000000,sh600338,21.2573,100,29.72,9400,29.73,29.725,,0.0,400.0
549,09:57:29.851612081,09:57:29.000000000,sh600338,19.6222,13000,29.71,1200,29.72,29.715,,0.0,400.0
550,09:57:32.863572772,09:57:32.000000000,sh600338,20.6236,58200,29.7,4700,29.71,29.705,,0.0,400.0
551,09:57:35.856428452,09:57:35.000000000,sh600338,17.6351,900,29.71,90400,29.72,29.715,,0.0,400.0
552,09:57:38.861278744,09:57:38.000000000,sh600338,20.2576,12000,29.72,2000,29.73,29.725,,0.0,400.0
553,09:57:41.863150573,09:57:41.000000000,sh600338,22.6331,300,29.73,3300,29.74,29.735,,0.0,400.0
554,09:57:44.858551605,09:57:44.000000000,sh600338,21.3571,400,29.72,400,29.73,29.725,,0.0,400.0
555,09:57:47.860698514,09:57:47.000000000,sh600338,24.3521,180,29.72,2100,29.74,29.73,,0.0,400.0
556,09:57:50.863804963,09:57:50.000000000,sh600338,24.1345,4700,29.72,600,29.73,29.725,,0.0,400.0
557,09:57:53.866525808,09:57:53.000000000,sh600338,24.8985,3400,29.72,6500,29.73,29.725,,0.0,400.0
558,09:57:56.862310438,09:57:56.000000000,sh600338,25.1643,3800,29.72,1000,29.73,29.725,,0.0,400.0
559,09:57:59.859159849,09:57:59.000000000,sh600338,24.6564,5300,29.73,3500,29.74,29.735,,0.0,400.0
560,09:58:02.859674452,09:58:02.000000000,sh600338,24.6733,2100,29.72,3200,29.73,29.725,,0.0,400.0
561,09:58:05.861081428,09:58:05.000000000,sh600338,24.4157,5600,29.73,2600,29.74,29.735,,0.0,400.0
562,09:58:08.855616188,09:58:08.000000000,sh600338,20.5738,300,29.78,18600,29.79,29.785,,0.0,400.0
563,09:58:11.859382064,09:58:11.000000000,sh600338,26.669,31100,29.8,4700,29.81,29.805,,0.0,400.0
564,09:58:14.855153536,09:58:14.000000000,sh600338,25.1389,5400,29.82,9000,29.84,29.83,,0.0,400.0
565,09:58:17.854802595,09:58:17.000000000,sh600338,27.1711,3700,29.84,16400,29.85,29.845,,0.0,400.0
566,09:58:20.854173855,09:58:20.000000000,sh600338,26.729,1000,29.84,2400,29.85,29.845,,0.0,400.0
567,09:58:23.863398759,09:58:23.000000000,sh600338,29.1252,27800,29.85,17600,29.86,29.855,,0.0,400.0
568,09:58:26.855271378,09:58:26.000000000,sh600338,30.5888,38500,29.85,16300,29.86,29.855,,0.0,400.0
569,09:58:29.852161609,09:58:29.000000000,sh600338,30.0528,43400,29.85,5900,29.86,29.855,,0.0,400.0
570,09:58:32.861161227,09:58:32.000000000,sh600338,27.0655,4200,29.86,13500,29.88,29.87,,0.0,400.0
571,09:58:35.854658058,09:58:35.000000000,sh600338,25.451,2800,29.86,25400,29.88,29.87,,0.0,400.0
572,09:58:38.865565417,09:58:38.000000000,sh600338,24.1244,700,29.86,25700,29.88,29.87,,0.0,400.0
573,09:58:41.862887333,09:58:41.000000000,sh600338,24.5785,4800,29.86,22600,29.88,29.87,,0.0,400.0
574,09:58:44.857453337,09:58:44.000000000,sh600338,24.5402,2600,29.86,19500,29.88,29.87,,0.0,400.0
575,09:58:47.852261291,09:58:47.000000000,sh600338,23.7675,15300,29.85,22200,29.88,29.865,,0.0,400.0
576,09:58:50.852345253,09:58:50.000000000,sh600338,27.3581,15100,29.85,4900,29.86,29.855,,0.0,400.0
577,09:58:53.852216976,09:58:53.000000000,sh600338,28.4327,2800,29.79,15900,29.8,29.795,,0.0,400.0
578,09:58:56.852197063,09:58:56.000000000,sh600338,25.6845,7300,29.8,300,29.83,29.815,,0.0,400.0
579,09:58:59.864661387,09:58:59.000000000,sh600338,21.5556,100,29.82,1600,29.85,29.835,,0.0,400.0
580,09:59:02.865344405,09:59:02.000000000,sh600338,19.1586,20000,29.83,600,29.84,29.835,,0.0,400.0
581,09:59:05.856476243,09:59:05.000000000,sh600338,21.8845,700,29.84,12700,29.85,29.845,,0.0,400.0
582,09:59:08.852015587,09:59:08.000000000,sh600338,31.0294,2800,29.79,20700,29.8,29.795,,0.0,400.0
583,09:59:11.855448915,09:59:11.000000000,sh600338,23.4651,500,29.81,2000,29.82,29.815,,0.0,400.0
584,09:59:14.852739794,09:59:14.000000000,sh600338,22.379,1900,29.77,3000,29.83,29.8,,0.0,400.0
585,09:59:17.853281906,09:59:17.000000000,sh600338,16.3555,700,29.82,4700,29.83,29.825,,0.0,400.0
586,09:59:20.861569219,09:59:20.000000000,sh600338,18.6795,5400,29.8,2100,29.81,29.805,,0.0,400.0
587,09:59:23.861608301,09:59:23.000000000,sh600338,30.7961,4700,29.75,8800,29.76,29.755,,0.0,400.0
588,09:59:26.858603914,09:59:26.000000000,sh600338,19.8614,400,29.81,32300,29.82,29.815,,0.0,400.0
589,09:59:29.863147672,09:59:29.000000000,sh600338,21.0663,1800,29.82,4600,29.83,29.825,,0.0,400.0
590,09:59:32.863472036,09:59:32.000000000,sh600338,20.9903,7700,29.81,2700,29.82,29.815,,0.0,400.0
591,09:59:35.855857050,09:59:35.000000000,sh600338,19.5656,1000,29.79,1000,29.8,29.795,,0.0,400.0
592,09:59:38.864004907,09:59:38.000000000,sh600338,19.2262,800,29.8,400,29.81,29.805,,0.0,400.0
593,09:59:41.856597523,09:59:41.000000000,sh600338,21.0066,300,29.8,3800,29.81,29.805,,0.0,400.0
594,09:59:44.853329083,09:59:44.000000000,sh600338,21.378,1000,29.81,3800,29.82,29.815,,0.0,400.0
595,09:59:47.863472811,09:59:47.000000000,sh600338,21.8679,5000,29.81,7200,29.83,29.82,,0.0,400.0
596,09:59:50.855316808,09:59:50.000000000,sh600338,22.0407,5500,29.82,6200,29.83,29.825,,0.0,400.0
597,09:59:53.857859521,09:59:53.000000000,sh600338,21.7625,9800,29.81,2700,29.83,29.82,,0.0,400.0
598,09:59:56.865971779,09:59:56.000000000,sh600338,17.984,300,29.83,4100,29.84,29.835,,0.0,400.0
599,09:59:59.854343992,09:59:59.000000000,sh600338,21.6291,8800,29.81,4400,29.84,29.825,,0.0,400.0
600,10:00:02.854085796,10:00:02.000000000,sh600338,20.9665,200,29.82,500,29.83,29.825,,0.0,400.0
601,10:00:05.860041045,10:00:05.000000000,sh600338,20.7442,1000,29.84,19400,29.85,29.845,,0.0,400.0
602,10:00:08.850491166,10:00:08.000000000,sh600338,21.2525,5100,29.84,19600,29.85,29.845,,0.0,400.0
603,10:00:11.858180623,10:00:11.000000000,sh600338,18.3982,300,29.83,4000,29.84,29.835,,0.0,400.0
604,10:00:14.857526475,10:00:14.000000000,sh600338,22.7203,800,29.84,17000,29.85,29.845,,0.0,400.0
605,10:00:17.859055643,10:00:17.000000000,sh600338,23.6898,10400,29.85,200,29.86,29.855,,0.0,400.0
606,10:00:20.860294935,10:00:20.000000000,sh600338,26.5943,3000,29.86,300,29.87,29.865,,0.0,400.0
607,10:00:23.862857341,10:00:23.000000000,sh600338,29.7421,700,29.91,700,29.92,29.915,,0.0,400.0
608,10:00:26.865880950,10:00:26.000000000,sh600338,27.5915,300,29.95,10600,29.98,29.965,,0.0,400.0
609,10:00:29.852707420,10:00:29.000000000,sh600338,24.958000000000002,9700,29.98,23700,30.0,29.99,,0.0,400.0
610,10:00:32.868857782,10:00:32.000000000,sh600338,30.6323,1200,29.99,3900,30.0,29.995,,0.0,400.0
611,10:00:35.862408444,10:00:35.000000000,sh600338,33.196,10600,30.0,700,30.03,30.015,,0.0,400.0
612,10:00:38.854815464,10:00:38.000000000,sh600338,35.2605,200,30.01,300,30.02,30.015,,0.0,400.0
613,10:00:41.856969349,10:00:41.000000000,sh600338,40.3236,600,30.01,1900,30.05,30.03,,0.0,400.0
614,10:00:44.863731201,10:00:44.000000000,sh600338,32.9514,2500,30.05,100,30.07,30.06,,0.0,400.0
615,10:00:47.865800251,10:00:47.000000000,sh600338,31.1777,2200,30.02,6300,30.05,30.035,,0.0,400.0
616,10:00:50.861993065,10:00:50.000000000,sh600338,31.6946,1600,30.03,200,30.04,30.035,,0.0,400.0
617,10:00:53.854542313,10:00:53.000000000,sh600338,30.0568,100,30.04,6500,30.05,30.045,,0.0,400.0
618,10:00:56.861890342,10:00:56.000000000,sh600338,30.0202,200,30.04,6400,30.05,30.045,,0.0,400.0
619,10:00:59.865302956,10:00:59.000000000,sh600338,28.729,2100,30.01,2000,30.02,30.015,,0.0,400.0
620,10:01:02.856768859,10:01:02.000000000,sh600338,26.31,33000,30.0,100,30.01,30.005,,0.0,400.0
621,10:01:05.851298837,10:01:05.000000000,sh600338,34.5902,5800,29.91,3700,29.92,29.915,,0.0,400.0
622,10:01:08.861229009,10:01:08.000000000,sh600338,24.1832,500,29.88,800,29.9,29.89,,0.0,400.0
623,10:01:11.852230615,10:01:11.000000000,sh600338,24.0772,700,29.89,1800,29.91,29.9,,0.0,400.0
624,10:01:14.856237198,10:01:14.000000000,sh600338,20.6374,1600,29.92,10600,30.0,29.96,,0.0,400.0
625,10:01:17.855645040,10:01:17.000000000,sh600338,20.8275,2100,29.94,3300,29.99,29.965,,0.0,400.0
626,10:01:20.854765885,10:01:20.000000000,sh600338,15.9736,700,29.96,100,29.98,29.97,,0.0,400.0
627,10:01:23.859613701,10:01:23.000000000,sh600338,19.781,800,29.97,100,29.98,29.975,,0.0,400.0
628,10:01:26.857629767,10:01:26.000000000,sh600338,18.9622,2300,29.97,2000,29.98,29.975,,0.0,400.0
629,10:01:29.859468316,10:01:29.000000000,sh600338,17.3501,12500,29.99,1500,30.0,29.995,,0.0,400.0
630,10:01:32.856715761,10:01:32.000000000,sh600338,16.7849,1100,30.0,5200,30.01,30.005,,0.0,400.0
631,10:01:35.863796194,10:01:35.000000000,sh600338,17.2122,5600,29.99,4500,30.01,30.0,,0.0,400.0
632,10:01:38.851908217,10:01:38.000000000,sh600338,19.9238,12700,30.0,4200,30.01,30.005,,0.0,400.0
633,10:01:41.858956252,10:01:41.000000000,sh600338,19.9405,200,30.02,5300,30.03,30.025,,0.0,400.0
634,10:01:44.857761520,10:01:44.000000000,sh600338,16.3769,500,30.03,2300,30.04,30.035,,0.0,400.0
635,10:01:47.866071342,10:01:47.000000000,sh600338,19.7806,1900,30.03,1600,30.04,30.035,,0.0,400.0
636,10:01:50.859927789,10:01:50.000000000,sh600338,19.6508,5000,30.02,27700,30.03,30.025,,0.0,400.0
637,10:01:53.855517298,10:01:53.000000000,sh600338,20.0395,6300,30.02,26900,30.03,30.025,,0.0,400.0
638,10:01:56.851025143,10:01:56.000000000,sh600338,18.7229,4300,30.01,800,30.02,30.015,,0.0,400.0
639,10:01:59.862821900,10:01:59.000000000,sh600338,16.3806,8800,30.0,1300,30.01,30.005,,0.0,400.0
640,10:02:02.865236620,10:02:02.000000000,sh600338,16.4864,4300,30.0,1300,30.01,30.005,,0.0,400.0
641,10:02:05.865129692,10:02:05.000000000,sh600338,16.6796,1000,29.99,2200,30.0,29.995,,0.0,400.0
642,10:02:08.859735265,10:02:08.000000000,sh600338,16.9241,2200,29.98,2400,29.99,29.985,,0.0,400.0
643,10:02:11.860985879,10:02:11.000000000,sh600338,15.8285,200,29.97,6900,29.99,29.98,,0.0,400.0
644,10:02:14.851555691,10:02:14.000000000,sh600338,15.9333,400,29.96,100,29.97,29.965,,0.0,400.0
645,10:02:17.860473792,10:02:17.000000000,sh600338,16.9033,2000,29.97,3900,29.98,29.975,,0.0,400.0
646,10:02:20.857099935,10:02:20.000000000,sh600338,17.0889,400,29.97,2200,29.98,29.975,,0.0,400.0
647,10:02:23.856037855,10:02:23.000000000,sh600338,17.2123,200,29.96,2300,29.98,29.97,,0.0,400.0
648,10:02:26.860220213,10:02:26.000000000,sh600338,17.6751,300,29.97,1700,29.98,29.975,,0.0,400.0
649,10:02:29.864490192,10:02:29.000000000,sh600338,22.6526,1700,29.92,100,29.96,29.94,,0.0,400.0
650,10:02:32.854835321,10:02:32.000000000,sh600338,20.0739,19800,29.97,3300,29.98,29.975,,0.0,400.0
651,10:02:35.867997917,10:02:35.000000000,sh600338,22.1937,18400,29.97,6200,29.98,29.975,,0.0,400.0
652,10:02:38.858304302,10:02:38.000000000,sh600338,18.3127,1100,30.0,2000,30.01,30.005,,0.0,400.0
653,10:02:41.858558024,10:02:41.000000000,sh600338,21.9533,5400,29.98,2000,30.01,29.995,,0.0,400.0
654,10:02:44.855530845,10:02:44.000000000,sh600338,19.278,1800,30.01,2900,30.02,30.015,,0.0,400.0
655,10:02:47.863361259,10:02:47.000000000,sh600338,22.2463,3700,30.01,1000,30.02,30.015,,0.0,400.0
656,10:02:50.865556629,10:02:50.000000000,sh600338,21.366999999999997,4300,30.02,24700,30.03,30.025,,0.0,400.0
657,10:02:53.855819848,10:02:53.000000000,sh600338,23.8729,100,30.11,1500,30.12,30.115,,0.0,400.0
658,10:02:56.861340925,10:02:56.000000000,sh600338,23.750999999999998,2400,30.12,800,30.13,30.125,,0.0,400.0
659,10:02:59.851319370,10:02:59.000000000,sh600338,24.2601,1800,30.14,2600,30.15,30.145,,0.0,400.0
660,10:03:02.859496502,10:03:02.000000000,sh600338,23.3861,3700,30.15,1000,30.16,30.155,,0.0,400.0
661,10:03:05.851927856,10:03:05.000000000,sh600338,24.9342,1500,30.18,5900,30.19,30.185,,0.0,400.0
662,10:03:08.849910965,10:03:08.000000000,sh600338,29.7379,8800,30.19,26600,30.2,30.195,,0.0,400.0
663,10:03:11.860561069,10:03:11.000000000,sh600338,22.5224,21800,30.24,14000,30.25,30.245,,0.0,400.0
664,10:03:14.855638537,10:03:14.000000000,sh600338,26.6918,5100,30.25,12700,30.26,30.255,,0.0,400.0
665,10:03:17.850844244,10:03:17.000000000,sh600338,23.9091,12400,30.24,6000,30.26,30.25,,0.0,400.0
666,10:03:20.863771206,10:03:20.000000000,sh600338,19.7704,11200,30.24,11100,30.25,30.245,,0.0,400.0
667,10:03:23.863321511,10:03:23.000000000,sh600338,21.2094,7400,30.2,7300,30.24,30.22,,0.0,400.0
668,10:03:26.860689939,10:03:26.000000000,sh600338,24.5459,200,30.18,5200,30.2,30.19,,0.0,400.0
669,10:03:29.862377384,10:03:29.000000000,sh600338,22.5508,200,30.18,500,30.19,30.185,,0.0,400.0
670,10:03:32.859510392,10:03:32.000000000,sh600338,28.6754,9900,30.16,100,30.18,30.17,,0.0,400.0
671,10:03:35.855492164,10:03:35.000000000,sh600338,24.5016,100,30.18,5700,30.19,30.185,,0.0,400.0
672,10:03:38.853472562,10:03:38.000000000,sh600338,20.9751,400,30.18,1700,30.19,30.185,,0.0,400.0
673,10:03:41.852272255,10:03:41.000000000,sh600338,22.8531,100,30.19,6200,30.2,30.195,,0.0,400.0
674,10:03:44.860780608,10:03:44.000000000,sh600338,29.0846,400,30.16,100,30.18,30.17,,0.0,400.0
675,10:03:47.853619995,10:03:47.000000000,sh600338,28.0798,4700,30.19,1300,30.2,30.195,,0.0,400.0
676,10:03:50.850523376,10:03:50.000000000,sh600338,26.2513,8400,30.21,100,30.22,30.215,,0.0,400.0
677,10:03:53.863130428,10:03:53.000000000,sh600338,26.3721,100,30.23,18100,30.24,30.235,,0.0,400.0
678,10:03:56.855181199,10:03:56.000000000,sh600338,26.9811,1100,30.25,9000,30.28,30.265,,0.0,400.0
679,10:03:59.860839984,10:03:59.000000000,sh600338,27.7011,5700,30.26,200,30.28,30.27,,0.0,400.0
680,10:04:02.863395479,10:04:02.000000000,sh600338,28.2227,7400,30.29,47600,30.3,30.295,,0.0,400.0
681,10:04:05.854913040,10:04:05.000000000,sh600338,31.516,3400,30.31,600,30.32,30.315,,0.0,400.0
682,10:04:08.859310700,10:04:08.000000000,sh600338,27.3453,1000,30.34,29300,30.35,30.345,,0.0,400.0
683,10:04:11.860821861,10:04:11.000000000,sh600338,30.1206,800,30.34,8800,30.35,30.345,,0.0,400.0
684,10:04:14.864906571,10:04:14.000000000,sh600338,28.1438,2600,30.35,24000,30.4,30.375,,0.0,400.0
685,10:04:17.852391648,10:04:17.000000000,sh600338,37.3496,12300,30.32,6400,30.33,30.325,,0.0,400.0
686,10:04:20.853299141,10:04:20.000000000,sh600338,27.6632,1000,30.35,1400,30.39,30.37,,0.0,400.0
687,10:04:23.852290210,10:04:23.000000000,sh600338,27.2609,100,30.35,1100,30.38,30.365,,0.0,400.0
688,10:04:26.861081193,10:04:26.000000000,sh600338,25.4891,2700,30.35,200,30.37,30.36,,0.0,400.0
689,10:04:29.861172370,10:04:29.000000000,sh600338,24.9307,1900,30.35,19600,30.37,30.36,,0.0,400.0
690,10:04:32.853151191,10:04:32.000000000,sh600338,24.2237,3300,30.35,200,30.37,30.36,,0.0,400.0
691,10:04:35.851551480,10:04:35.000000000,sh600338,23.717,3600,30.35,2000,30.36,30.355,,0.0,400.0
692,10:04:38.856895801,10:04:38.000000000,sh600338,22.8322,5800,30.33,2400,30.34,30.335,,0.0,400.0
693,10:04:41.862620672,10:04:41.000000000,sh600338,21.8704,100,30.34,900,30.35,30.345,,0.0,400.0
694,10:04:44.862818309,10:04:44.000000000,sh600338,22.6917,500,30.35,13000,30.37,30.36,,0.0,400.0
695,10:04:47.857743392,10:04:47.000000000,sh600338,22.0899,200,30.34,2500,30.35,30.345,,0.0,400.0
696,10:04:50.859841950,10:04:50.000000000,sh600338,21.1917,6100,30.33,1000,30.35,30.34,,0.0,400.0
697,10:04:53.852755161,10:04:53.000000000,sh600338,20.6018,6200,30.33,9200,30.35,30.34,,0.0,400.0
698,10:04:56.862844120,10:04:56.000000000,sh600338,21.2858,2300,30.33,300,30.35,30.34,,0.0,400.0
699,10:04:59.851806859,10:04:59.000000000,sh600338,17.8403,200,30.35,12300,30.36,30.355,,0.0,400.0
700,10:05:02.862347907,10:05:02.000000000,sh600338,20.0379,1000,30.33,3400,30.35,30.34,,0.0,400.0
701,10:05:05.862743555,10:05:05.000000000,sh600338,18.9986,3500,30.31,9300,30.32,30.315,,0.0,400.0
702,10:05:08.852924769,10:05:08.000000000,sh600338,16.7317,300,30.26,11400,30.32,30.29,,0.0,400.0
703,10:05:11.861110686,10:05:11.000000000,sh600338,14.2787,1800,30.27,800,30.28,30.275,,0.0,400.0
704,10:05:14.860093208,10:05:14.000000000,sh600338,4.6207199999999995,200,30.27,1000,30.31,30.29,,0.0,400.0
705,10:05:17.857852207,10:05:17.000000000,sh600338,18.7534,600,30.22,1900,30.27,30.245,,0.0,400.0
706,10:05:20.863877840,10:05:20.000000000,sh600338,15.1374,400,30.25,2100,30.27,30.26,,0.0,400.0
707,10:05:23.863472399,10:05:23.000000000,sh600338,16.4345,100,30.26,8700,30.3,30.28,,0.0,400.0
708,10:05:26.862027085,10:05:26.000000000,sh600338,18.1488,100,30.28,4900,30.3,30.29,,0.0,400.0
709,10:05:29.855819756,10:05:29.000000000,sh600338,21.2238,11600,30.3,4500,30.31,30.305,,0.0,400.0
710,10:05:32.850606879,10:05:32.000000000,sh600338,22.0409,5100,30.32,2400,30.34,30.33,,0.0,400.0
711,10:05:35.858700763,10:05:35.000000000,sh600338,19.8119,700,30.32,26100,30.35,30.335,,0.0,400.0
712,10:05:38.853932913,10:05:38.000000000,sh600338,23.185,7600,30.31,200,30.32,30.315,,0.0,400.0
713,10:05:41.863269945,10:05:41.000000000,sh600338,23.831,9000,30.31,49200,30.32,30.315,,0.0,400.0
714,10:05:44.862764285,10:05:44.000000000,sh600338,21.7241,5300,30.31,45900,30.32,30.315,,0.0,400.0
715,10:05:47.863740812,10:05:47.000000000,sh600338,22.4205,300,30.31,41200,30.32,30.315,,0.0,400.0
716,10:05:50.861319948,10:05:50.000000000,sh600338,21.4352,3400,30.3,25900,30.31,30.305,,0.0,400.0
717,10:05:53.860196876,10:05:53.000000000,sh600338,19.3525,100,30.29,2600,30.3,30.295,,0.0,400.0
718,10:05:56.862248061,10:05:56.000000000,sh600338,19.7736,100,30.29,900,30.3,30.295,,0.0,400.0
719,10:05:59.864073923,10:05:59.000000000,sh600338,17.4309,100,30.29,21600,30.3,30.295,,0.0,400.0
720,10:06:02.864748925,10:06:02.000000000,sh600338,18.4551,5400,30.28,2600,30.29,30.285,,0.0,400.0
721,10:06:05.850599330,10:06:05.000000000,sh600338,18.6523,7300,30.27,3000,30.28,30.275,,0.0,400.0
722,10:06:08.855154052,10:06:08.000000000,sh600338,19.9216,6800,30.27,1900,30.28,30.275,,0.0,400.0
723,10:06:11.852660722,10:06:11.000000000,sh600338,19.7899,100,30.28,2000,30.29,30.285,,0.0,400.0
724,10:06:14.865094042,10:06:14.000000000,sh600338,18.8369,200,30.26,900,30.28,30.27,,0.0,400.0
725,10:06:17.851687406,10:06:17.000000000,sh600338,20.201,2200,30.26,3500,30.27,30.265,,0.0,400.0
726,10:06:20.864445567,10:06:20.000000000,sh600338,18.3556,900,30.27,31100,30.28,30.275,,0.0,400.0
727,10:06:23.861990230,10:06:23.000000000,sh600338,18.0114,300,30.27,30900,30.28,30.275,,0.0,400.0
728,10:06:26.864322533,10:06:26.000000000,sh600338,14.8001,500,30.25,2300,30.27,30.26,,0.0,400.0
729,10:06:29.850193209,10:06:29.000000000,sh600338,11.47,400,30.26,38200,30.27,30.265,,0.0,400.0
730,10:06:32.855708062,10:06:32.000000000,sh600338,18.0583,3100,30.26,30100,30.27,30.265,,0.0,400.0
731,10:06:35.854164719,10:06:35.000000000,sh600338,19.3911,4900,30.26,2100,30.27,30.265,,0.0,400.0
732,10:06:38.856373456,10:06:38.000000000,sh600338,18.8149,2500,30.26,200,30.27,30.265,,0.0,400.0
733,10:06:41.861119477,10:06:41.000000000,sh600338,18.7622,3300,30.26,10300,30.28,30.27,,0.0,400.0
734,10:06:44.865355627,10:06:44.000000000,sh600338,19.4707,3400,30.26,4400,30.27,30.265,,0.0,400.0
735,10:06:47.866509210,10:06:47.000000000,sh600338,20.3682,2900,30.26,1800,30.27,30.265,,0.0,400.0
736,10:06:50.854979916,10:06:50.000000000,sh600338,20.676,1800,30.26,1100,30.27,30.265,,0.0,400.0
737,10:06:53.852375731,10:06:53.000000000,sh600338,21.1506,200,30.26,5100,30.27,30.265,,0.0,400.0
738,10:06:56.859629614,10:06:56.000000000,sh600338,21.4374,1200,30.26,5600,30.27,30.265,,0.0,400.0
739,10:06:59.851179360,10:06:59.000000000,sh600338,22.7069,5400,30.25,100,30.26,30.255,,0.0,400.0
740,10:07:02.859653870,10:07:02.000000000,sh600338,21.8282,200,30.26,7600,30.27,30.265,,0.0,400.0
741,10:07:05.852469293,10:07:05.000000000,sh600338,21.8284,5500,30.25,10600,30.27,30.26,,0.0,400.0
742,10:07:08.862088488,10:07:08.000000000,sh600338,22.2088,5800,30.25,7300,30.27,30.26,,0.0,400.0
743,10:07:11.864482900,10:07:11.000000000,sh600338,22.4624,3100,30.25,3600,30.26,30.255,,0.0,400.0
744,10:07:14.852393320,10:07:14.000000000,sh600338,22.7013,3100,30.25,3800,30.26,30.255,,0.0,400.0
745,10:07:17.859255425,10:07:17.000000000,sh600338,22.4083,100,30.25,2800,30.26,30.255,,0.0,400.0
746,10:07:20.854200867,10:07:20.000000000,sh600338,22.3496,1300,30.25,10700,30.26,30.255,,0.0,400.0
747,10:07:23.852187493,10:07:23.000000000,sh600338,23.6496,4900,30.24,8500,30.25,30.245,,0.0,400.0
748,10:07:26.861019828,10:07:26.000000000,sh600338,21.9169,4900,30.24,8700,30.25,30.245,,0.0,400.0
749,10:07:29.864409906,10:07:29.000000000,sh600338,23.6979,5200,30.24,300,30.25,30.245,,0.0,400.0
750,10:07:32.863713356,10:07:32.000000000,sh600338,22.7349,400,30.25,10400,30.26,30.255,,0.0,400.0
751,10:07:35.862331715,10:07:35.000000000,sh600338,25.368000000000002,11300,30.34,29200,30.35,30.345,,0.0,400.0
752,10:07:38.864475800,10:07:38.000000000,sh600338,24.2753,300,30.36,6600,30.37,30.365,,0.0,400.0
753,10:07:41.865290440,10:07:41.000000000,sh600338,25.3249,2000,30.37,14600,30.38,30.375,,0.0,400.0
754,10:07:44.861260643,10:07:44.000000000,sh600338,24.1182,1000,30.36,12500,30.37,30.365,,0.0,400.0
755,10:07:47.865381676,10:07:47.000000000,sh600338,23.7426,500,30.36,3300,30.37,30.365,,0.0,400.0
756,10:07:50.861306275,10:07:50.000000000,sh600338,23.8726,3500,30.37,6500,30.38,30.375,,0.0,400.0
757,10:07:53.854293451,10:07:53.000000000,sh600338,19.5823,9700,30.34,3000,30.35,30.345,,0.0,400.0
758,10:07:56.862884097,10:07:56.000000000,sh600338,24.1204,600,30.35,400,30.37,30.36,,0.0,400.0
759,10:07:59.861483286,10:07:59.000000000,sh600338,23.4956,3800,30.35,200,30.37,30.36,,0.0,400.0
760,10:08:02.854088011,10:08:02.000000000,sh600338,19.8713,1100,30.38,6900,30.39,30.385,,0.0,400.0
761,10:08:05.852125438,10:08:05.000000000,sh600338,18.4272,2000,30.38,33300,30.39,30.385,,0.0,400.0
762,10:08:08.854603785,10:08:08.000000000,sh600338,23.1874,500,30.38,12200,30.39,30.385,,0.0,400.0
763,10:08:11.858821384,10:08:11.000000000,sh600338,24.7504,8400,30.36,2600,30.38,30.37,,0.0,400.0
764,10:08:14.849342850,10:08:14.000000000,sh600338,24.5082,9900,30.36,6500,30.38,30.37,,0.0,400.0
765,10:08:17.863248267,10:08:17.000000000,sh600338,24.131999999999998,100,30.37,15400,30.38,30.375,,0.0,400.0
766,10:08:20.858871384,10:08:20.000000000,sh600338,22.1781,7600,30.35,500,30.36,30.355,,0.0,400.0
767,10:08:23.854481410,10:08:23.000000000,sh600338,21.5989,3800,30.35,5700,30.36,30.355,,0.0,400.0
768,10:08:26.852850338,10:08:26.000000000,sh600338,18.7556,9500,30.34,3900,30.35,30.345,,0.0,400.0
769,10:08:29.852721847,10:08:29.000000000,sh600338,15.3352,8400,30.34,2900,30.35,30.345,,0.0,400.0
770,10:08:32.851826810,10:08:32.000000000,sh600338,16.0789,2800,30.34,5200,30.36,30.35,,0.0,400.0
771,10:08:35.860547260,10:08:35.000000000,sh600338,27.5937,2500,30.28,14000,30.3,30.29,,0.0,400.0
772,10:08:38.854053229,10:08:38.000000000,sh600338,27.2172,2600,30.28,12700,30.3,30.29,,0.0,400.0
773,10:08:41.862494104,10:08:41.000000000,sh600338,27.313000000000002,2600,30.28,9700,30.3,30.29,,0.0,400.0
774,10:08:44.856786609,10:08:44.000000000,sh600338,27.5862,2200,30.28,8600,30.3,30.29,,0.0,400.0
775,10:08:47.857434908,10:08:47.000000000,sh600338,23.6411,4000,30.27,1800,30.28,30.275,,0.0,400.0
776,10:08:50.860324801,10:08:50.000000000,sh600338,24.5325,5200,30.27,1300,30.28,30.275,,0.0,400.0
777,10:08:53.857649578,10:08:53.000000000,sh600338,24.4634,1700,30.27,1200,30.28,30.275,,0.0,400.0
778,10:08:56.858236525,10:08:56.000000000,sh600338,24.3022,5700,30.27,1400,30.28,30.275,,0.0,400.0
779,10:08:59.853912712,10:08:59.000000000,sh600338,25.3837,5000,30.27,100,30.28,30.275,,0.0,400.0
780,10:09:02.852980874,10:09:02.000000000,sh600338,29.0562,1700,30.29,4000,30.3,30.295,,0.0,400.0
781,10:09:05.851691810,10:09:05.000000000,sh600338,26.7606,14200,30.3,100,30.32,30.31,,0.0,400.0
782,10:09:08.862195962,10:09:08.000000000,sh600338,27.2685,1400,30.32,800,30.34,30.33,,0.0,400.0
783,10:09:11.857218660,10:09:11.000000000,sh600338,25.4351,1100,30.32,7100,30.35,30.335,,0.0,400.0
784,10:09:14.862874997,10:09:14.000000000,sh600338,23.0039,300,30.34,2600,30.35,30.345,,0.0,400.0
785,10:09:17.855478914,10:09:17.000000000,sh600338,27.6974,10800,30.33,11800,30.34,30.335,,0.0,400.0
786,10:09:20.863032140,10:09:20.000000000,sh600338,25.915,1800,30.32,6800,30.34,30.33,,0.0,400.0
787,10:09:23.853637336,10:09:23.000000000,sh600338,25.5922,4200,30.32,1700,30.33,30.325,,0.0,400.0
788,10:09:26.861987421,10:09:26.000000000,sh600338,23.8906,5100,30.31,300,30.32,30.315,,0.0,400.0
789,10:09:29.859762826,10:09:29.000000000,sh600338,6.423019999999999,4400,30.33,8200,30.34,30.335,,0.0,400.0
790,10:09:32.855815055,10:09:32.000000000,sh600338,19.7134,6300,30.15,1600,30.28,30.215,,0.0,400.0
791,10:09:35.851579561,10:09:35.000000000,sh600338,24.1332,1500,30.19,500,30.28,30.235,,0.0,400.0
792,10:09:38.865063197,10:09:38.000000000,sh600338,25.1719,1200,30.22,1000,30.25,30.235,,0.0,400.0
793,10:09:41.856262199,10:09:41.000000000,sh600338,25.5444,1500,30.22,500,30.25,30.235,,0.0,400.0
794,10:09:44.851996054,10:09:44.000000000,sh600338,22.9692,700,30.23,300,30.26,30.245,,0.0,400.0
795,10:09:47.852359817,10:09:47.000000000,sh600338,19.4735,500,30.23,1900,30.25,30.24,,0.0,400.0
796,10:09:50.860533928,10:09:50.000000000,sh600338,16.8971,100,30.22,1200,30.23,30.225,,0.0,400.0
797,10:09:53.856227986,10:09:53.000000000,sh600338,23.2078,10000,30.2,400,30.23,30.215,,0.0,400.0
798,10:09:56.516345579,10:09:56.000000000,sh600338,22.4319,8100,30.2,1700,30.22,30.21,,0.0,400.0
799,10:09:59.529417607,10:09:59.000000000,sh600338,22.1797,7800,30.2,2400,30.22,30.21,,0.0,400.0
800,10:10:02.518358682,10:10:02.000000000,sh600338,23.518,1400,30.18,6500,30.2,30.19,,0.0,400.0
801,10:10:05.521090327,10:10:05.000000000,sh600338,29.4902,2900,30.18,4500,30.19,30.185,,0.0,400.0
802,10:10:08.192844292,10:10:08.000000000,sh600338,28.2191,900,30.22,1600,30.23,30.225,,0.0,400.0
803,10:10:11.192539213,10:10:11.000000000,sh600338,25.2082,4400,30.23,200,30.25,30.24,,0.0,400.0
804,10:10:14.192705433,10:10:14.000000000,sh600338,21.1042,700,30.27,400,30.28,30.275,,0.0,400.0
805,10:10:17.193930862,10:10:17.000000000,sh600338,21.9755,500,30.29,9700,30.3,30.295,,0.0,400.0
806,10:10:20.196580622,10:10:20.000000000,sh600338,24.1231,1300,30.29,100,30.3,30.295,,0.0,400.0
807,10:10:23.182522148,10:10:23.000000000,sh600338,26.6456,2600,30.29,10000,30.3,30.295,,0.0,400.0
808,10:10:26.190857950,10:10:26.000000000,sh600338,27.3082,3800,30.29,200,30.3,30.295,,0.0,400.0
809,10:10:29.183393416,10:10:29.000000000,sh600338,23.4121,300,30.3,6800,30.33,30.315,,0.0,400.0
810,10:10:32.191905133,10:10:32.000000000,sh600338,25.8016,1400,30.29,500,30.31,30.3,,0.0,400.0
811,10:10:35.187069919,10:10:35.000000000,sh600338,26.0566,10200,30.3,2500,30.31,30.305,,0.0,400.0
812,10:10:38.193063687,10:10:38.000000000,sh600338,25.9059,10200,30.3,400,30.31,30.305,,0.0,400.0
813,10:10:41.183798830,10:10:41.000000000,sh600338,25.8417,400,30.31,4300,30.32,30.315,,0.0,400.0
814,10:10:44.183420223,10:10:44.000000000,sh600338,25.2546,9000,30.3,600,30.31,30.305,,0.0,400.0
815,10:10:47.194902974,10:10:47.000000000,sh600338,25.1055,3800,30.31,300,30.32,30.315,,0.0,400.0
816,10:10:50.187088829,10:10:50.000000000,sh600338,23.8701,800,30.3,6800,30.31,30.305,,0.0,400.0
817,10:10:53.193111334,10:10:53.000000000,sh600338,23.5386,13900,30.25,1500,30.28,30.265,,0.0,400.0
818,10:10:56.196076727,10:10:56.000000000,sh600338,22.0024,10300,30.25,1600,30.28,30.265,,0.0,400.0
819,10:10:59.182721460,10:10:59.000000000,sh600338,16.7428,2100,30.28,3400,30.29,30.285,,0.0,400.0
820,10:11:02.188400087,10:11:02.000000000,sh600338,20.0579,10300,30.25,1400,30.28,30.265,,0.0,400.0
821,10:11:05.181662463,10:11:05.000000000,sh600338,20.5591,9500,30.25,1900,30.28,30.265,,0.0,400.0
822,10:11:08.193228294,10:11:08.000000000,sh600338,21.0542,2900,30.26,200,30.27,30.265,,0.0,400.0
823,10:11:11.194265731,10:11:11.000000000,sh600338,31.4645,12500,30.21,1100,30.22,30.215,,0.0,400.0
824,10:11:14.184441734,10:11:14.000000000,sh600338,18.1732,400,30.28,1600,30.29,30.285,,0.0,400.0
825,10:11:17.196227749,10:11:17.000000000,sh600338,18.5809,600,30.28,1500,30.29,30.285,,0.0,400.0
826,10:11:20.318741766,10:11:20.000000000,sh600338,16.4166,11400,30.27,7200,30.29,30.28,,0.0,400.0
827,10:11:23.322573505,10:11:23.000000000,sh600338,18.1562,13600,30.27,5200,30.29,30.28,,0.0,400.0
828,10:11:26.328409492,10:11:26.000000000,sh600338,17.2241,13000,30.27,1900,30.28,30.275,,0.0,400.0
829,10:11:29.322123617,10:11:29.000000000,sh600338,18.1404,400,30.28,6800,30.29,30.285,,0.0,400.0
830,10:11:32.319315505,10:11:32.000000000,sh600338,21.7152,200,30.25,800,30.27,30.26,,0.0,400.0
831,10:11:35.330156247,10:11:35.000000000,sh600338,16.1114,13300,30.24,200,30.27,30.255,,0.0,400.0
832,10:11:38.328162885,10:11:38.000000000,sh600338,15.7448,13200,30.24,100,30.27,30.255,,0.0,400.0
833,10:11:41.319761010,10:11:41.000000000,sh600338,19.283,13200,30.24,1400,30.25,30.245,,0.0,400.0
834,10:11:43.992934184,10:11:43.000000000,sh600338,22.1855,13200,30.24,1400,30.25,30.245,,0.0,400.0
835,10:11:46.986096116,10:11:46.000000000,sh600338,13.8048,9100,30.26,1300,30.28,30.27,,0.0,400.0
836,10:11:49.984061438,10:11:50.000000000,sh600338,13.6648,3100,30.26,100,30.27,30.265,,0.0,400.0
837,10:11:52.988771673,10:11:52.000000000,sh600338,20.0178,800,30.24,1100,30.26,30.25,,0.0,400.0
838,10:11:55.664220187,10:11:55.000000000,sh600338,20.3433,200,30.25,1500,30.26,30.255,,0.0,400.0
839,10:11:58.652640808,10:11:58.000000000,sh600338,23.5184,6900,30.23,7500,30.24,30.235,,0.0,400.0
840,10:12:01.519262638,10:12:01.000000000,sh600338,20.872,5500,30.23,7400,30.24,30.235,,0.0,400.0
841,10:12:04.180584067,10:12:04.000000000,sh600338,20.7418,5300,30.23,10100,30.24,30.235,,0.0,400.0
842,10:12:07.181064685,10:12:07.000000000,sh600338,20.4822,4200,30.24,300,30.25,30.245,,0.0,400.0
843,10:12:09.851188477,10:12:09.000000000,sh600338,20.6658,4200,30.24,300,30.25,30.245,,0.0,400.0
844,10:12:12.847855317,10:12:12.000000000,sh600338,21.0254,6400,30.25,13400,30.26,30.255,,0.0,400.0
845,10:12:15.837691448,10:12:15.000000000,sh600338,20.8549,5000,30.25,11900,30.26,30.255,,0.0,400.0
846,10:12:18.848349082,10:12:18.000000000,sh600338,22.4682,9500,30.25,13000,30.26,30.255,,0.0,400.0
847,10:12:21.851131793,10:12:21.000000000,sh600338,20.6751,15500,30.24,5500,30.25,30.245,,0.0,400.0
848,10:12:24.845270028,10:12:24.000000000,sh600338,19.3724,13800,30.24,22400,30.25,30.245,,0.0,400.0
849,10:12:27.851762767,10:12:27.000000000,sh600338,21.6185,11700,30.24,13100,30.25,30.245,,0.0,400.0
850,10:12:30.845335512,10:12:30.000000000,sh600338,20.3435,2100,30.23,8300,30.25,30.24,,0.0,400.0
851,10:12:34.602488570,10:12:34.000000000,sh600338,19.3746,400,30.23,1000,30.24,30.235,,0.0,400.0
852,10:12:37.588506602,10:12:37.000000000,sh600338,19.4541,3900,30.22,900,30.24,30.23,,0.0,400.0
853,10:12:40.439479054,10:12:40.000000000,sh600338,20.7443,5100,30.22,4300,30.23,30.225,,0.0,400.0
854,10:12:43.441168840,10:12:43.000000000,sh600338,18.4528,1300,30.22,4300,30.23,30.225,,0.0,400.0
855,10:12:46.441613691,10:12:46.000000000,sh600338,18.4819,2300,30.21,2500,30.22,30.215,,0.0,400.0
856,10:12:49.420548142,10:12:49.000000000,sh600338,18.1937,2300,30.21,4300,30.22,30.215,,0.0,400.0
857,10:12:52.088100251,10:12:52.000000000,sh600338,17.9932,600,30.21,4200,30.22,30.215,,0.0,400.0
858,10:12:55.097729766,10:12:55.000000000,sh600338,18.1312,1500,30.2,2600,30.21,30.205,,0.0,400.0
859,10:12:58.090781164,10:12:58.000000000,sh600338,17.713,1000,30.19,4000,30.21,30.2,,0.0,400.0
860,10:13:01.094120460,10:13:01.000000000,sh600338,18.8467,1100,30.19,500,30.2,30.195,,0.0,400.0
861,10:13:04.088654717,10:13:04.000000000,sh600338,19.8878,1600,30.18,7000,30.19,30.185,,0.0,400.0
862,10:13:07.093821896,10:13:07.000000000,sh600338,19.9656,3300,30.18,8700,30.19,30.185,,0.0,400.0
863,10:13:09.841065242,10:13:09.000000000,sh600338,20.1636,3400,30.18,9900,30.19,30.185,,0.0,400.0
864,10:13:12.849231105,10:13:12.000000000,sh600338,20.2707,1000,30.18,11000,30.19,30.185,,0.0,400.0
865,10:13:15.852935158,10:13:15.000000000,sh600338,18.9942,21300,30.17,5500,30.18,30.175,,0.0,400.0
866,10:13:18.849174860,10:13:18.000000000,sh600338,18.6182,21000,30.17,15000,30.18,30.175,,0.0,400.0
867,10:13:21.848157196,10:13:21.000000000,sh600338,19.175,16600,30.17,16500,30.18,30.175,,0.0,400.0
868,10:13:24.848402700,10:13:24.000000000,sh600338,18.0827,5600,30.17,15000,30.18,30.175,,0.0,400.0
869,10:13:27.848470190,10:13:27.000000000,sh600338,20.5869,800,30.17,5400,30.18,30.175,,0.0,400.0
870,10:13:30.849414376,10:13:30.000000000,sh600338,18.5548,1800,30.16,17300,30.17,30.165,,0.0,400.0
871,10:13:33.841467958,10:13:33.000000000,sh600338,18.8771,1600,30.16,18300,30.17,30.165,,0.0,400.0
872,10:13:36.847467168,10:13:36.000000000,sh600338,16.8717,15000,30.15,7900,30.16,30.155,,0.0,400.0
873,10:13:39.843010349,10:13:39.000000000,sh600338,16.2148,8800,30.15,19400,30.16,30.155,,0.0,400.0
874,10:13:42.848827025,10:13:42.000000000,sh600338,17.0203,4500,30.15,12900,30.16,30.155,,0.0,400.0
875,10:13:45.852686573,10:13:45.000000000,sh600338,17.1347,2900,30.15,12600,30.16,30.155,,0.0,400.0
876,10:13:48.841948803,10:13:48.000000000,sh600338,20.3535,10100,30.13,5100,30.14,30.135,,0.0,400.0
877,10:13:51.847667891,10:13:51.000000000,sh600338,21.7807,10200,30.13,2700,30.15,30.14,,0.0,400.0
878,10:13:54.851688902,10:13:54.000000000,sh600338,22.8493,8600,30.17,5200,30.18,30.175,,0.0,400.0
879,10:13:57.845304215,10:13:57.000000000,sh600338,23.035,100,30.21,2700,30.22,30.215,,0.0,400.0
880,10:14:00.846941262,10:14:00.000000000,sh600338,25.3953,10100,30.25,2300,30.26,30.255,,0.0,400.0
881,10:14:03.839746917,10:14:03.000000000,sh600338,25.5631,1000,30.27,2500,30.28,30.275,,0.0,400.0
882,10:14:06.839265278,10:14:06.000000000,sh600338,27.6246,17400,30.28,5300,30.29,30.285,,0.0,400.0
883,10:14:09.853030021,10:14:09.000000000,sh600338,27.0494,14000,30.29,9800,30.3,30.295,,0.0,400.0
884,10:14:12.850596240,10:14:12.000000000,sh600338,28.3237,3900,30.31,1700,30.32,30.315,,0.0,400.0
885,10:14:15.850227181,10:14:15.000000000,sh600338,29.4368,3500,30.32,3300,30.33,30.325,,0.0,400.0
886,10:14:18.843753837,10:14:18.000000000,sh600338,28.6675,4100,30.33,2700,30.34,30.335,,0.0,400.0
887,10:14:21.851460313,10:14:21.000000000,sh600338,28.666999999999998,4100,30.34,20500,30.35,30.345,,0.0,400.0
888,10:14:24.843248392,10:14:24.000000000,sh600338,28.705,2000,30.35,2400,30.36,30.355,,0.0,400.0
889,10:14:27.841855874,10:14:27.000000000,sh600338,28.7564,2600,30.36,14200,30.38,30.37,,0.0,400.0
890,10:14:30.850261688,10:14:30.000000000,sh600338,32.7092,3100,30.36,200,30.37,30.365,,0.0,400.0
891,10:14:33.839437339,10:14:33.000000000,sh600338,28.1893,1800,30.37,37400,30.4,30.385,,0.0,400.0
892,10:14:36.844829352,10:14:36.000000000,sh600338,31.4184,1000,30.37,1300,30.38,30.375,,0.0,400.0
893,10:14:39.848341862,10:14:39.000000000,sh600338,27.7884,3300,30.38,4500,30.4,30.39,,0.0,400.0
894,10:14:42.853092718,10:14:42.000000000,sh600338,28.1453,5100,30.4,12600,30.41,30.405,,0.0,400.0
895,10:14:45.837911012,10:14:45.000000000,sh600338,27.5064,4500,30.4,10000,30.41,30.405,,0.0,400.0
896,10:14:48.849826794,10:14:48.000000000,sh600338,7.37241,500,30.41,14600,30.42,30.415,,0.0,400.0
897,10:14:51.841685151,10:14:51.000000000,sh600338,26.4271,1800,30.4,6200,30.41,30.405,,0.0,400.0
898,10:14:54.847155691,10:14:54.000000000,sh600338,26.1909,900,30.4,4100,30.41,30.405,,0.0,400.0
899,10:14:57.852957660,10:14:57.000000000,sh600338,27.6102,19000,30.4,2700,30.41,30.405,,0.0,400.0
900,10:15:00.847084911,10:15:00.000000000,sh600338,26.7289,19000,30.4,12600,30.41,30.405,,0.0,400.0
901,10:15:03.839990082,10:15:03.000000000,sh600338,25.7539,13600,30.4,6900,30.41,30.405,,0.0,400.0
902,10:15:06.851469991,10:15:06.000000000,sh600338,24.1928,10700,30.4,19900,30.41,30.405,,0.0,400.0
903,10:15:09.837615936,10:15:09.000000000,sh600338,20.3079,2000,30.39,17100,30.4,30.395,,0.0,400.0
904,10:15:12.838123482,10:15:12.000000000,sh600338,16.8026,1000,30.37,2100,30.38,30.375,,0.0,400.0
905,10:15:15.851302679,10:15:15.000000000,sh600338,12.2026,3700,30.36,3900,30.37,30.365,,0.0,400.0
906,10:15:18.843768332,10:15:18.000000000,sh600338,18.7183,4000,30.31,2500,30.34,30.325,,0.0,400.0
907,10:15:21.839502567,10:15:21.000000000,sh600338,12.2855,1100,30.31,2400,30.34,30.325,,0.0,400.0
908,10:15:24.850448490,10:15:24.000000000,sh600338,9.732380000000001,17900,30.35,800,30.36,30.355,,0.0,400.0
909,10:15:27.842901310,10:15:27.000000000,sh600338,14.7261,2800,30.36,3900,30.37,30.365,,0.0,400.0
910,10:15:30.841926683,10:15:30.000000000,sh600338,15.7731,1300,30.36,3900,30.37,30.365,,0.0,400.0
911,10:15:33.851957820,10:15:33.000000000,sh600338,15.4103,18200,30.35,800,30.36,30.355,,0.0,400.0
912,10:15:36.849110994,10:15:36.000000000,sh600338,12.585999999999999,1100,30.35,1200,30.36,30.355,,0.0,400.0
913,10:15:39.841403501,10:15:39.000000000,sh600338,7.24949,200,30.34,18900,30.35,30.345,,0.0,400.0
914,10:15:42.839578715,10:15:42.000000000,sh600338,12.7329,1100,30.31,400,30.34,30.325,,0.0,400.0
915,10:15:45.851140631,10:15:45.000000000,sh600338,14.4797,3800,30.3,1000,30.31,30.305,,0.0,400.0
916,10:15:48.839228022,10:15:48.000000000,sh600338,14.1654,2700,30.3,3100,30.31,30.305,,0.0,400.0
917,10:15:51.844009465,10:15:51.000000000,sh600338,8.71183,4700,30.3,5200,30.31,30.305,,0.0,400.0
918,10:15:54.847580222,10:15:54.000000000,sh600338,7.95127,100,30.27,5600,30.3,30.285,,0.0,400.0
919,10:15:57.843490443,10:15:57.000000000,sh600338,12.991,6600,30.25,500,30.27,30.26,,0.0,400.0
920,10:16:00.852626362,10:16:00.000000000,sh600338,8.11235,800,30.27,100,30.29,30.28,,0.0,400.0
921,10:16:03.851385472,10:16:03.000000000,sh600338,12.4477,5100,30.29,8700,30.3,30.295,,0.0,400.0
922,10:16:06.838994987,10:16:06.000000000,sh600338,12.8423,5400,30.29,14700,30.3,30.295,,0.0,400.0
923,10:16:09.852439753,10:16:09.000000000,sh600338,13.2915,4200,30.29,14700,30.3,30.295,,0.0,400.0
924,10:16:12.850239172,10:16:12.000000000,sh600338,14.0693,1100,30.29,14300,30.3,30.295,,0.0,400.0
925,10:16:15.841753510,10:16:15.000000000,sh600338,18.4262,2900,30.3,7800,30.31,30.305,,0.0,400.0
926,10:16:18.841344502,10:16:18.000000000,sh600338,21.6636,20900,30.3,7500,30.31,30.305,,0.0,400.0
927,10:16:21.839033253,10:16:21.000000000,sh600338,20.9617,18600,30.3,6000,30.31,30.305,,0.0,400.0
928,10:16:24.851935575,10:16:24.000000000,sh600338,24.5082,37100,30.3,2600,30.32,30.31,,0.0,400.0
929,10:16:27.846746072,10:16:27.000000000,sh600338,21.7805,9200,30.34,21200,30.35,30.345,,0.0,400.0
930,10:16:30.846673862,10:16:30.000000000,sh600338,21.6891,200,30.36,4200,30.37,30.365,,0.0,400.0
931,10:16:33.839919532,10:16:33.000000000,sh600338,22.3042,1400,30.36,3200,30.37,30.365,,0.0,400.0
932,10:16:36.841780330,10:16:36.000000000,sh600338,22.8629,17100,30.35,1700,30.36,30.355,,0.0,400.0
933,10:16:39.850799249,10:16:39.000000000,sh600338,22.9664,17000,30.35,2000,30.36,30.355,,0.0,400.0
934,10:16:42.839886719,10:16:42.000000000,sh600338,22.7212,14800,30.35,6800,30.36,30.355,,0.0,400.0
935,10:16:45.848199853,10:16:45.000000000,sh600338,22.8978,300,30.36,5900,30.37,30.365,,0.0,400.0
936,10:16:48.840081317,10:16:48.000000000,sh600338,21.7143,4300,30.35,200,30.36,30.355,,0.0,400.0
937,10:16:51.854038022,10:16:51.000000000,sh600338,24.5587,41100,30.36,5900,30.37,30.365,,0.0,400.0
938,10:16:54.849313522,10:16:54.000000000,sh600338,24.6139,60600,30.36,2400,30.37,30.365,,0.0,400.0
939,10:16:57.840711922,10:16:57.000000000,sh600338,22.8461,20900,30.36,2900,30.37,30.365,,0.0,400.0
940,10:17:00.842789701,10:17:00.000000000,sh600338,22.951999999999998,14100,30.39,46600,30.4,30.395,,0.0,400.0
941,10:17:03.839409336,10:17:03.000000000,sh600338,23.1694,7200,30.4,12100,30.41,30.405,,0.0,400.0
942,10:17:06.850657103,10:17:06.000000000,sh600338,2.56664,1800,30.42,15500,30.43,30.425,,0.0,400.0
943,10:17:09.853279178,10:17:09.000000000,sh600338,2.9706799999999998,1800,30.43,10800,30.44,30.435,,0.0,400.0
944,10:17:12.851692009,10:17:12.000000000,sh600338,0.362263,16100,30.44,70300,30.45,30.445,,0.0,400.0
945,10:17:15.840925207,10:17:15.000000000,sh600338,2.60182,5100,30.45,5000,30.46,30.455,,0.0,400.0
946,10:17:18.844682969,10:17:18.000000000,sh600338,3.3866,200,30.47,6200,30.48,30.475,,0.0,400.0
947,10:17:21.846740999,10:17:21.000000000,sh600338,4.65941,2200,30.49,113200,30.5,30.495,,0.0,400.0
948,10:17:24.851512943,10:17:24.000000000,sh600338,6.39889,8200,30.48,100,30.49,30.485,,0.0,400.0
949,10:17:27.849068639,10:17:27.000000000,sh600338,6.379519999999999,11000,30.49,74700,30.5,30.495,,0.0,400.0
950,10:17:30.847571309,10:17:30.000000000,sh600338,5.85653,400,30.5,19000,30.51,30.505,,0.0,400.0
951,10:17:33.841654126,10:17:33.000000000,sh600338,12.4138,45300,30.5,16100,30.51,30.505,,0.0,400.0
952,10:17:36.839774944,10:17:36.000000000,sh600338,12.8831,41500,30.5,4100,30.51,30.505,,0.0,400.0
953,10:17:39.850462501,10:17:39.000000000,sh600338,12.9856,700,30.51,2800,30.52,30.515,,0.0,400.0
954,10:17:42.841293868,10:17:42.000000000,sh600338,12.4133,5000,30.51,700,30.52,30.515,,0.0,400.0
955,10:17:45.837233618,10:17:45.000000000,sh600338,11.5488,8200,30.51,3100,30.53,30.52,,0.0,400.0
956,10:17:48.848630627,10:17:48.000000000,sh600338,10.7777,3900,30.51,1500,30.52,30.515,,0.0,400.0
957,10:17:51.847228265,10:17:51.000000000,sh600338,10.4163,3900,30.51,1000,30.53,30.52,,0.0,400.0
958,10:17:54.843256828,10:17:54.000000000,sh600338,11.3384,48900,30.5,2000,30.51,30.505,,0.0,400.0
959,10:17:57.841199906,10:17:57.000000000,sh600338,7.703639999999999,4400,30.49,19800,30.5,30.495,,0.0,400.0
960,10:18:00.845996561,10:18:00.000000000,sh600338,7.218439999999999,500,30.49,4800,30.5,30.495,,0.0,400.0
961,10:18:03.841489375,10:18:03.000000000,sh600338,5.86279,200,30.46,2900,30.47,30.465,,0.0,400.0
962,10:18:06.849683039,10:18:06.000000000,sh600338,1.86658,400,30.42,2100,30.46,30.44,,0.0,400.0
963,10:18:09.838559186,10:18:09.000000000,sh600338,2.1172299999999997,1100,30.41,3700,30.42,30.415,,0.0,400.0
964,10:18:12.846998563,10:18:12.000000000,sh600338,-5.81846,10500,30.45,1900,30.46,30.455,,0.0,400.0
965,10:18:15.842787868,10:18:15.000000000,sh600338,-4.34773,12600,30.4,200,30.44,30.42,,0.0,400.0
966,10:18:18.845351028,10:18:18.000000000,sh600338,0.13719800000000001,11200,30.4,2700,30.44,30.42,,0.0,400.0
967,10:18:21.845417629,10:18:21.000000000,sh600338,24.5459,7700,30.4,3000,30.41,30.405,,0.0,400.0
968,10:18:24.844382551,10:18:24.000000000,sh600338,24.154,8400,30.4,300,30.41,30.405,,0.0,400.0
969,10:18:27.841735644,10:18:27.000000000,sh600338,2.14865,100,30.42,300,30.44,30.43,,0.0,400.0
970,10:18:30.844166924,10:18:30.000000000,sh600338,-2.20337,5000,30.45,2800,30.46,30.455,,0.0,400.0
971,10:18:33.847209349,10:18:33.000000000,sh600338,-2.17841,1800,30.46,2400,30.48,30.47,,0.0,400.0
972,10:18:36.848833879,10:18:36.000000000,sh600338,-6.08933,1400,30.46,3200,30.48,30.47,,0.0,400.0
973,10:18:39.848520855,10:18:39.000000000,sh600338,1.80939,2400,30.45,100,30.46,30.455,,0.0,400.0
974,10:18:42.849139077,10:18:42.000000000,sh600338,1.82962,400,30.45,3300,30.46,30.455,,0.0,400.0
975,10:18:45.845223801,10:18:45.000000000,sh600338,1.55223,500,30.45,12800,30.46,30.455,,0.0,400.0
976,10:18:48.843548276,10:18:48.000000000,sh600338,-2.50421,4500,30.44,19300,30.45,30.445,,0.0,400.0
977,10:18:51.842431753,10:18:51.000000000,sh600338,-2.84868,4600,30.44,25600,30.45,30.445,,0.0,400.0
978,10:18:54.847358640,10:18:54.000000000,sh600338,0.772246,1300,30.42,3600,30.44,30.43,,0.0,400.0
979,10:18:57.848676895,10:18:57.000000000,sh600338,12.7428,11300,30.4,700,30.42,30.41,,0.0,400.0
980,10:19:00.848275671,10:19:00.000000000,sh600338,23.9049,1500,30.4,25800,30.41,30.405,,0.0,400.0
981,10:19:03.846734602,10:19:03.000000000,sh600338,19.3822,4800,30.38,76100,30.41,30.395,,0.0,400.0
982,10:19:06.838944820,10:19:06.000000000,sh600338,17.8656,8300,30.36,600,30.37,30.365,,0.0,400.0
983,10:19:09.842239551,10:19:09.000000000,sh600338,17.1034,1200,30.36,11800,30.37,30.365,,0.0,400.0
984,10:19:12.849527102,10:19:12.000000000,sh600338,18.8525,11900,30.35,2100,30.36,30.355,,0.0,400.0
985,10:19:15.851952851,10:19:15.000000000,sh600338,19.0861,200,30.34,2900,30.35,30.345,,0.0,400.0
986,10:19:18.838568929,10:19:18.000000000,sh600338,19.4339,1100,30.36,11800,30.37,30.365,,0.0,400.0
987,10:19:21.844911302,10:19:21.000000000,sh600338,17.2787,19700,30.35,11800,30.37,30.36,,0.0,400.0
988,10:19:24.850116942,10:19:24.000000000,sh600338,18.8584,500,30.36,3100,30.37,30.365,,0.0,400.0
989,10:19:27.842325888,10:19:27.000000000,sh600338,20.8039,16400,30.35,1000,30.36,30.355,,0.0,400.0
990,10:19:30.838787616,10:19:30.000000000,sh600338,19.3502,4300,30.36,600,30.37,30.365,,0.0,400.0
991,10:19:33.839603204,10:19:33.000000000,sh600338,20.332,2000,30.37,5100,30.38,30.375,,0.0,400.0
992,10:19:36.844277032,10:19:36.000000000,sh600338,20.1558,1500,30.37,5100,30.38,30.375,,0.0,400.0
993,10:19:39.843244347,10:19:39.000000000,sh600338,20.9619,2800,30.37,4800,30.38,30.375,,0.0,400.0
994,10:19:42.841695125,10:19:42.000000000,sh600338,20.7586,3000,30.37,3000,30.38,30.375,,0.0,400.0
995,10:19:45.836353146,10:19:45.000000000,sh600338,20.9657,6000,30.36,8200,30.37,30.365,,0.0,400.0
996,10:19:48.852981466,10:19:48.000000000,sh600338,21.0798,200,30.37,2600,30.38,30.375,,0.0,400.0
997,10:19:51.843930234,10:19:51.000000000,sh600338,24.6253,6100,30.36,300,30.37,30.365,,0.0,400.0
998,10:19:54.848526026,10:19:54.000000000,sh600338,20.4278,500,30.38,1200,30.39,30.385,,0.0,400.0
999,10:19:57.841830691,10:19:57.000000000,sh600338,23.0191,1700,30.36,2400,30.37,30.365,,0.0,400.0
1000,10:20:00.852343795,10:20:00.000000000,sh600338,22.4035,1400,30.37,100,30.38,30.375,,0.0,400.0
1001,10:20:03.847391736,10:20:03.000000000,sh600338,25.6527,1700,30.36,1500,30.37,30.365,,0.0,400.0
1002,10:20:06.843813583,10:20:06.000000000,sh600338,23.3208,500,30.37,1100,30.38,30.375,,0.0,400.0
1003,10:20:09.847929950,10:20:09.000000000,sh600338,21.5102,1900,30.36,2600,30.37,30.365,,0.0,400.0
1004,10:20:12.852951214,10:20:12.000000000,sh600338,20.7464,1600,30.37,3800,30.38,30.375,,0.0,400.0
1005,10:20:15.840222318,10:20:15.000000000,sh600338,19.5298,100,30.36,3000,30.38,30.37,,0.0,400.0
1006,10:20:18.841847595,10:20:18.000000000,sh600338,19.4834,500,30.36,200,30.37,30.365,,0.0,400.0
1007,10:20:21.851526174,10:20:21.000000000,sh600338,19.085,1000,30.36,100,30.38,30.37,,0.0,400.0
1008,10:20:24.837132996,10:20:24.000000000,sh600338,17.8734,13000,30.35,5200,30.36,30.355,,0.0,400.0
1009,10:20:27.847067114,10:20:27.000000000,sh600338,18.1515,11200,30.35,9700,30.36,30.355,,0.0,400.0
1010,10:20:30.839815592,10:20:30.000000000,sh600338,18.0986,6500,30.35,5700,30.36,30.355,,0.0,400.0
1011,10:20:33.851630605,10:20:33.000000000,sh600338,19.2125,12900,30.36,1100,30.37,30.365,,0.0,400.0
1012,10:20:36.845652148,10:20:36.000000000,sh600338,19.5592,200,30.37,2400,30.38,30.375,,0.0,400.0
