,localtime,time,symbol,signal,bvol1,bid1,avol1,ask1,mid,direction,volume,exposure
0,09:30:00.000000000,09:30:00.000000000,sh600223,1.1665,7000,12.27,5100,12.28,12.275,,0.0,0.0
1,09:30:02.000000000,09:30:02.000000000,sh600223,-3.1795400000000003,63900,12.25,300,12.26,12.255,,0.0,0.0
2,09:30:06.000000000,09:30:06.000000000,sh600223,-4.94307,50300,12.25,26500,12.27,12.26,,0.0,0.0
3,09:30:09.000000000,09:30:09.000000000,sh600223,-9.892619999999999,3500,12.2,12700,12.25,12.225,,0.0,0.0
4,09:30:12.000000000,09:30:12.000000000,sh600223,-13.1122,700,12.17,11300,12.24,12.205,,0.0,0.0
5,09:30:15.000000000,09:30:15.000000000,sh600223,-7.28459,1700,12.15,600,12.17,12.16,,0.0,0.0
6,09:30:18.000000000,09:30:18.000000000,sh600223,-12.033,700,12.12,21400,12.15,12.135,,0.0,0.0
7,09:30:21.000000000,09:30:21.000000000,sh600223,-13.9346,400,12.12,1100,12.13,12.125,,0.0,0.0
8,09:30:24.000000000,09:30:24.000000000,sh600223,-9.61787,600,12.11,600,12.12,12.115,,0.0,0.0
9,09:30:27.000000000,09:30:27.000000000,sh600223,-11.482999999999999,2200,12.1,2400,12.12,12.11,,0.0,0.0
10,09:30:30.000000000,09:30:30.000000000,sh600223,-8.7703,2400,12.12,10600,12.15,12.135,,0.0,0.0
11,09:30:33.000000000,09:30:33.000000000,sh600223,-3.99876,100,12.08,2200,12.09,12.085,,0.0,0.0
12,09:30:36.000000000,09:30:36.000000000,sh600223,-3.7359400000000003,2100,12.13,3300,12.15,12.14,,0.0,0.0
13,09:30:39.000000000,09:30:39.000000000,sh600223,0.552045,800,12.13,1100,12.15,12.14,,0.0,0.0
14,09:30:42.000000000,09:30:42.000000000,sh600223,3.4064099999999997,35000,12.15,500,12.17,12.16,,0.0,0.0
15,09:30:45.000000000,09:30:45.000000000,sh600223,4.31951,32400,12.15,500,12.17,12.16,,0.0,0.0
16,09:30:48.000000000,09:30:48.000000000,sh600223,4.16367,19900,12.15,400,12.17,12.16,,0.0,0.0
17,09:30:51.000000000,09:30:51.000000000,sh600223,1.41143,16600,12.15,7300,12.16,12.155,,0.0,0.0
18,09:30:54.000000000,09:30:54.000000000,sh600223,4.11404,9500,12.12,900,12.15,12.135,,0.0,0.0
19,09:30:56.000000000,09:30:56.000000000,sh600223,3.5533099999999997,7900,12.12,15200,12.14,12.13,,0.0,0.0
20,09:30:59.000000000,09:30:59.000000000,sh600223,5.56771,1900,12.11,10200,12.12,12.115,,0.0,0.0
21,09:31:02.000000000,09:31:02.000000000,sh600223,2.65181,2700,12.11,17200,12.12,12.115,,0.0,0.0
22,09:31:05.000000000,09:31:05.000000000,sh600223,1.79591,9200,12.11,19400,12.12,12.115,,0.0,0.0
23,09:31:08.000000000,09:31:08.000000000,sh600223,1.9705099999999998,100,12.12,1500,12.13,12.125,,0.0,0.0
24,09:31:11.000000000,09:31:11.000000000,sh600223,-0.43209899999999996,7700,12.13,1100,12.15,12.14,,0.0,0.0
25,09:31:14.000000000,09:31:14.000000000,sh600223,-2.03162,300,12.14,600,12.16,12.15,,0.0,0.0
26,09:31:17.000000000,09:31:17.000000000,sh600223,2.3235,3300,12.12,15300,12.13,12.125,,0.0,0.0
27,09:31:20.000000000,09:31:20.000000000,sh600223,1.07307,900,12.14,100,12.15,12.145,,0.0,0.0
28,09:31:23.000000000,09:31:23.000000000,sh600223,2.29719,3100,12.16,1700,12.17,12.165,,0.0,0.0
29,09:31:26.000000000,09:31:26.000000000,sh600223,3.36915,1700,12.15,2600,12.17,12.16,,0.0,0.0
30,09:31:29.000000000,09:31:29.000000000,sh600223,3.84134,2400,12.15,100,12.16,12.155,,0.0,0.0
31,09:31:32.000000000,09:31:32.000000000,sh600223,5.81375,900,12.16,3300,12.17,12.165,,0.0,0.0
32,09:31:35.000000000,09:31:35.000000000,sh600223,7.99388,7100,12.16,2300,12.17,12.165,,0.0,0.0
33,09:31:38.000000000,09:31:38.000000000,sh600223,6.049919999999999,18600,12.16,1500,12.2,12.18,,0.0,0.0
34,09:31:41.000000000,09:31:41.000000000,sh600223,7.87476,47100,12.16,1100,12.19,12.175,,0.0,0.0
35,09:31:44.000000000,09:31:44.000000000,sh600223,5.2498,300,12.19,1300,12.2,12.195,,0.0,0.0
36,09:31:47.000000000,09:31:47.000000000,sh600223,6.93686,3500,12.2,900,12.21,12.205,,0.0,0.0
37,09:31:50.000000000,09:31:50.000000000,sh600223,8.19231,6600,12.21,3000,12.23,12.22,,0.0,0.0
38,09:31:53.000000000,09:31:53.000000000,sh600223,9.46107,5300,12.23,8000,12.24,12.235,,0.0,0.0
39,09:31:56.000000000,09:31:56.000000000,sh600223,11.0275,6400,12.23,7700,12.24,12.235,,0.0,0.0
40,09:31:59.000000000,09:31:59.000000000,sh600223,12.5165,3500,12.23,6400,12.25,12.24,,0.0,0.0
41,09:32:02.000000000,09:32:02.000000000,sh600223,16.646,5200,12.23,6200,12.25,12.24,,0.0,0.0
42,09:32:05.000000000,09:32:05.000000000,sh600223,22.430999999999997,4700,12.23,100,12.24,12.235,,0.0,0.0
43,09:32:08.000000000,09:32:08.000000000,sh600223,22.1959,2000,12.24,6900,12.25,12.245,,0.0,0.0
44,09:32:11.000000000,09:32:11.000000000,sh600223,21.2941,3300,12.23,12800,12.24,12.235,,0.0,0.0
45,09:32:14.000000000,09:32:14.000000000,sh600223,19.3207,1900,12.22,3500,12.23,12.225,,0.0,0.0
46,09:32:17.000000000,09:32:17.000000000,sh600223,17.705,9400,12.22,12000,12.24,12.23,,0.0,0.0
47,09:32:20.000000000,09:32:20.000000000,sh600223,20.7387,500,12.19,1800,12.2,12.195,,0.0,0.0
48,09:32:23.000000000,09:32:23.000000000,sh600223,18.2687,3600,12.2,11300,12.24,12.22,,0.0,0.0
49,09:32:26.000000000,09:32:26.000000000,sh600223,18.8575,1000,12.21,900,12.23,12.22,,0.0,0.0
50,09:32:29.000000000,09:32:29.000000000,sh600223,18.8865,2200,12.21,400,12.23,12.22,,0.0,0.0
51,09:32:32.000000000,09:32:32.000000000,sh600223,17.4062,500,12.23,11700,12.24,12.235,,0.0,0.0
52,09:32:35.000000000,09:32:35.000000000,sh600223,18.7694,400,12.21,900,12.23,12.22,,0.0,0.0
53,09:32:38.000000000,09:32:38.000000000,sh600223,19.7314,2200,12.21,2100,12.23,12.22,,0.0,0.0
54,09:32:41.000000000,09:32:41.000000000,sh600223,20.0433,300,12.22,100,12.23,12.225,,0.0,0.0
55,09:32:44.000000000,09:32:44.000000000,sh600223,17.6325,100,12.22,100,12.23,12.225,,0.0,0.0
56,09:32:47.000000000,09:32:47.000000000,sh600223,15.4457,1900,12.24,3000,12.25,12.245,,0.0,0.0
57,09:32:50.000000000,09:32:50.000000000,sh600223,15.0638,1900,12.24,3100,12.25,12.245,,0.0,0.0
58,09:32:53.000000000,09:32:53.000000000,sh600223,14.0301,16100,12.25,2300,12.26,12.255,,0.0,0.0
59,09:32:56.000000000,09:32:56.000000000,sh600223,11.3918,2700,12.26,5900,12.27,12.265,,0.0,0.0
60,09:32:59.000000000,09:32:59.000000000,sh600223,9.167689999999999,4900,12.26,6300,12.27,12.265,,0.0,0.0
61,09:33:02.000000000,09:33:02.000000000,sh600223,6.74073,4500,12.26,4100,12.27,12.265,,0.0,0.0
62,09:33:05.000000000,09:33:05.000000000,sh600223,6.51098,1000,12.26,16900,12.28,12.27,,0.0,0.0
63,09:33:08.000000000,09:33:08.000000000,sh600223,2.2081,1600,12.26,2400,12.27,12.265,,0.0,0.0
64,09:33:11.000000000,09:33:11.000000000,sh600223,-0.9755020000000001,300,12.26,2200,12.27,12.265,,0.0,0.0
65,09:33:14.000000000,09:33:14.000000000,sh600223,-4.4282,18900,12.25,26500,12.27,12.26,,0.0,0.0
66,09:33:17.000000000,09:33:17.000000000,sh600223,-6.42145,12900,12.25,4600,12.26,12.255,,0.0,0.0
67,09:33:20.000000000,09:33:20.000000000,sh600223,-8.89487,12600,12.25,7200,12.26,12.255,,0.0,0.0
68,09:33:23.000000000,09:33:23.000000000,sh600223,-12.1803,800,12.25,14700,12.26,12.255,,0.0,0.0
69,09:33:26.000000000,09:33:26.000000000,sh600223,-13.3984,31500,12.25,25700,12.26,12.255,,0.0,0.0
70,09:33:29.000000000,09:33:29.000000000,sh600223,-14.6907,23000,12.25,25500,12.26,12.255,,0.0,0.0
71,09:33:32.000000000,09:33:32.000000000,sh600223,-16.1664,19500,12.25,24700,12.26,12.255,,0.0,0.0
72,09:33:35.000000000,09:33:35.000000000,sh600223,-18.5337,5800,12.25,24600,12.26,12.255,,0.0,0.0
73,09:33:38.000000000,09:33:38.000000000,sh600223,-18.3453,8100,12.24,15300,12.25,12.245,,0.0,0.0
74,09:33:41.000000000,09:33:41.000000000,sh600223,-18.2725,8800,12.24,19400,12.25,12.245,,0.0,0.0
75,09:33:44.000000000,09:33:44.000000000,sh600223,-18.7751,8800,12.24,19700,12.25,12.245,,0.0,0.0
76,09:33:47.000000000,09:33:47.000000000,sh600223,-16.6237,8800,12.24,21400,12.25,12.245,,0.0,0.0
77,09:33:50.000000000,09:33:50.000000000,sh600223,-17.4918,6800,12.23,5900,12.24,12.235,,0.0,0.0
78,09:33:54.000000000,09:33:54.000000000,sh600223,-16.9752,10200,12.23,6800,12.24,12.235,,0.0,0.0
79,09:33:56.000000000,09:33:56.000000000,sh600223,-17.1923,10400,12.23,8800,12.24,12.235,,0.0,0.0
80,09:33:57.000000000,09:33:57.000000000,sh600223,-13.5391,10400,12.23,1700,12.24,12.235,,0.0,0.0
81,09:34:00.000000000,09:34:00.000000000,sh600223,-12.1247,2200,12.25,17600,12.26,12.255,,0.0,0.0
82,09:34:03.000000000,09:34:03.000000000,sh600223,-7.1871,9900,12.27,4900,12.28,12.275,,0.0,0.0
83,09:34:06.000000000,09:34:06.000000000,sh600223,-4.32103,27700,12.28,10600,12.3,12.29,,0.0,0.0
84,09:34:09.000000000,09:34:09.000000000,sh600223,-3.38323,14800,12.28,8800,12.3,12.29,,0.0,0.0
85,09:34:12.000000000,09:34:12.000000000,sh600223,-0.184923,1000,12.29,2700,12.3,12.295,,0.0,0.0
86,09:34:15.000000000,09:34:15.000000000,sh600223,2.09858,1300,12.29,3500,12.3,12.295,,0.0,0.0
87,09:34:18.000000000,09:34:18.000000000,sh600223,5.11864,400,12.28,3200,12.3,12.29,,0.0,0.0
88,09:34:21.000000000,09:34:21.000000000,sh600223,6.635910000000001,7300,12.3,5700,12.31,12.305,,0.0,0.0
89,09:34:24.000000000,09:34:24.000000000,sh600223,8.59425,600,12.29,1600,12.31,12.3,,0.0,0.0
90,09:34:27.000000000,09:34:27.000000000,sh600223,12.3533,1500,12.29,600,12.3,12.295,,0.0,0.0
91,09:34:30.000000000,09:34:30.000000000,sh600223,14.2751,3700,12.3,5100,12.31,12.305,,0.0,0.0
92,09:34:33.000000000,09:34:33.000000000,sh600223,19.6609,1600,12.29,1300,12.3,12.295,,0.0,0.0
93,09:34:36.000000000,09:34:36.000000000,sh600223,22.5936,3600,12.3,2100,12.31,12.305,1.0,300.0,300.0
94,09:34:39.000000000,09:34:39.000000000,sh600223,25.3168,46700,12.3,12400,12.31,12.305,,0.0,300.0
95,09:34:42.000000000,09:34:42.000000000,sh600223,24.1289,34100,12.3,4700,12.31,12.305,,0.0,300.0
96,09:34:45.000000000,09:34:45.000000000,sh600223,25.0142,15200,12.31,8100,12.32,12.315,,0.0,300.0
97,09:34:48.000000000,09:34:48.000000000,sh600223,23.3656,35100,12.31,7500,12.32,12.315,,0.0,300.0
98,09:34:51.000000000,09:34:51.000000000,sh600223,23.3122,35900,12.31,2400,12.32,12.315,,0.0,300.0
99,09:34:54.000000000,09:34:54.000000000,sh600223,24.0355,1400,12.32,7900,12.33,12.325,,0.0,300.0
100,09:34:56.000000000,09:34:56.000000000,sh600223,22.8786,15200,12.31,4400,12.33,12.32,,0.0,300.0
101,09:34:59.000000000,09:34:59.000000000,sh600223,21.0485,14700,12.31,2200,12.32,12.315,,0.0,300.0
102,09:35:02.000000000,09:35:02.000000000,sh600223,17.4461,1400,12.29,19000,12.31,12.3,,0.0,300.0
103,09:35:05.000000000,09:35:05.000000000,sh600223,16.351,4500,12.27,1200,12.28,12.275,,0.0,300.0
104,09:35:08.000000000,09:35:08.000000000,sh600223,9.54568,300,12.26,2000,12.27,12.265,,0.0,300.0
105,09:35:11.000000000,09:35:11.000000000,sh600223,10.2474,13000,12.21,1000,12.26,12.235,,0.0,300.0
106,09:35:14.000000000,09:35:14.000000000,sh600223,3.82957,4200,12.26,1700,12.3,12.28,,0.0,300.0
107,09:35:17.000000000,09:35:17.000000000,sh600223,3.32148,6200,12.26,300,12.27,12.265,,0.0,300.0
108,09:35:20.000000000,09:35:20.000000000,sh600223,-0.9914719999999999,5900,12.26,500,12.28,12.27,,0.0,300.0
109,09:35:23.000000000,09:35:23.000000000,sh600223,-6.693980000000001,7300,12.26,900,12.28,12.27,,0.0,300.0
110,09:35:27.000000000,09:35:27.000000000,sh600223,-11.8712,7600,12.26,900,12.27,12.265,,0.0,300.0
111,09:35:30.000000000,09:35:30.000000000,sh600223,-14.7354,4600,12.26,1500,12.28,12.27,,0.0,300.0
112,09:35:33.000000000,09:35:33.000000000,sh600223,-15.4119,2600,12.28,5000,12.29,12.285,2.0,300.0,0.0
113,09:35:36.000000000,09:35:36.000000000,sh600223,-13.8809,700,12.29,6000,12.3,12.295,,0.0,0.0
114,09:35:39.000000000,09:35:39.000000000,sh600223,-12.9235,400,12.29,300,12.3,12.295,,0.0,0.0
115,09:35:42.000000000,09:35:42.000000000,sh600223,-13.5837,5900,12.29,5000,12.3,12.295,,0.0,0.0
116,09:35:45.000000000,09:35:45.000000000,sh600223,-14.6647,5700,12.29,2100,12.3,12.295,,0.0,0.0
117,09:35:48.000000000,09:35:48.000000000,sh600223,-15.4896,3300,12.28,400,12.29,12.285,,0.0,0.0
118,09:35:51.000000000,09:35:51.000000000,sh600223,-13.4563,103300,12.3,1400,12.31,12.305,,0.0,0.0
119,09:35:54.000000000,09:35:54.000000000,sh600223,-12.7094,97400,12.3,200,12.31,12.305,,0.0,0.0
120,09:35:57.000000000,09:35:57.000000000,sh600223,-11.8065,600,12.31,2000,12.32,12.315,,0.0,0.0
121,09:36:00.000000000,09:36:00.000000000,sh600223,-10.9575,1900,12.31,900,12.32,12.315,,0.0,0.0
122,09:36:03.000000000,09:36:03.000000000,sh600223,-11.4439,85500,12.3,5000,12.32,12.31,,0.0,0.0
123,09:36:06.000000000,09:36:06.000000000,sh600223,-9.80872,8800,12.31,3100,12.32,12.315,,0.0,0.0
124,09:36:09.000000000,09:36:09.000000000,sh600223,-9.141960000000001,8600,12.31,4300,12.33,12.32,,0.0,0.0
125,09:36:12.000000000,09:36:12.000000000,sh600223,-8.87421,7800,12.31,4300,12.33,12.32,,0.0,0.0
126,09:36:15.000000000,09:36:15.000000000,sh600223,-9.329460000000001,54500,12.33,4300,12.34,12.335,,0.0,0.0
127,09:36:18.000000000,09:36:18.000000000,sh600223,-8.86808,47600,12.33,2300,12.34,12.335,,0.0,0.0
128,09:36:21.000000000,09:36:21.000000000,sh600223,-6.45296,45500,12.33,1700,12.34,12.335,,0.0,0.0
129,09:36:24.000000000,09:36:24.000000000,sh600223,-6.8157,45500,12.33,700,12.34,12.335,,0.0,0.0
130,09:36:27.000000000,09:36:27.000000000,sh600223,-6.344130000000001,46000,12.33,11200,12.35,12.34,,0.0,0.0
131,09:36:30.000000000,09:36:30.000000000,sh600223,-5.59786,13400,12.31,15100,12.33,12.32,,0.0,0.0
132,09:36:33.000000000,09:36:33.000000000,sh600223,-8.25962,86800,12.3,7400,12.31,12.305,,0.0,0.0
133,09:36:36.000000000,09:36:36.000000000,sh600223,-7.64762,77500,12.3,400,12.32,12.31,,0.0,0.0
134,09:36:39.000000000,09:36:39.000000000,sh600223,-9.088569999999999,8000,12.31,7200,12.32,12.315,,0.0,0.0
135,09:36:42.000000000,09:36:42.000000000,sh600223,-10.2656,4300,12.28,4700,12.29,12.285,,0.0,0.0
136,09:36:45.000000000,09:36:45.000000000,sh600223,-9.98514,1600,12.28,9400,12.29,12.285,,0.0,0.0
137,09:36:48.000000000,09:36:48.000000000,sh600223,-7.96258,8500,12.26,4900,12.28,12.27,,0.0,0.0
138,09:36:51.000000000,09:36:51.000000000,sh600223,-7.1252699999999995,1700,12.29,4100,12.3,12.295,,0.0,0.0
139,09:36:54.000000000,09:36:54.000000000,sh600223,-7.84979,300,12.32,23600,12.33,12.325,,0.0,0.0
140,09:36:57.000000000,09:36:57.000000000,sh600223,-7.342210000000001,7700,12.33,1700,12.34,12.335,,0.0,0.0
141,09:36:59.000000000,09:36:59.000000000,sh600223,-6.937189999999999,800,12.31,13600,12.35,12.33,,0.0,0.0
142,09:37:02.000000000,09:37:02.000000000,sh600223,-4.34545,1600,12.29,100,12.33,12.31,,0.0,0.0
143,09:37:05.000000000,09:37:05.000000000,sh600223,-0.8986540000000001,2000,12.29,100,12.31,12.3,,0.0,0.0
144,09:37:08.000000000,09:37:08.000000000,sh600223,-6.48416,100,12.31,3900,12.33,12.32,,0.0,0.0
145,09:37:11.000000000,09:37:11.000000000,sh600223,-6.7213199999999995,48900,12.33,16397,12.34,12.335,,0.0,0.0
146,09:37:14.000000000,09:37:14.000000000,sh600223,-5.88427,45200,12.33,9797,12.34,12.335,,0.0,0.0
147,09:37:17.000000000,09:37:17.000000000,sh600223,-4.6227,44800,12.33,16797,12.34,12.335,,0.0,0.0
148,09:37:20.000000000,09:37:20.000000000,sh600223,-4.0054300000000005,44800,12.33,15197,12.34,12.335,,0.0,0.0
149,09:37:23.000000000,09:37:23.000000000,sh600223,-4.23865,43900,12.33,10597,12.34,12.335,,0.0,0.0
150,09:37:26.000000000,09:37:26.000000000,sh600223,-4.22426,1003,12.34,23000,12.35,12.345,,0.0,0.0
151,09:37:29.000000000,09:37:29.000000000,sh600223,-2.64744,1003,12.34,22500,12.35,12.345,,0.0,0.0
152,09:37:32.000000000,09:37:32.000000000,sh600223,-1.65133,39900,12.33,22097,12.35,12.34,,0.0,0.0
153,09:37:35.000000000,09:37:35.000000000,sh600223,0.866348,4700,12.34,21697,12.35,12.345,,0.0,0.0
154,09:37:38.000000000,09:37:38.000000000,sh600223,3.65375,4600,12.34,22697,12.35,12.345,,0.0,0.0
155,09:37:41.000000000,09:37:41.000000000,sh600223,5.0065800000000005,6600,12.34,23297,12.35,12.345,,0.0,0.0
156,09:37:44.000000000,09:37:44.000000000,sh600223,6.1452,200,12.34,22597,12.35,12.345,,0.0,0.0
157,09:37:47.000000000,09:37:47.000000000,sh600223,4.78793,40900,12.33,33297,12.35,12.34,,0.0,0.0
158,09:37:50.000000000,09:37:50.000000000,sh600223,3.9098599999999997,45900,12.33,29997,12.35,12.34,,0.0,0.0
159,09:37:53.000000000,09:37:53.000000000,sh600223,6.4914,5600,12.34,29397,12.35,12.345,,0.0,0.0
160,09:37:56.000000000,09:37:56.000000000,sh600223,7.170310000000001,6300,12.34,29397,12.35,12.345,,0.0,0.0
161,09:37:59.000000000,09:37:59.000000000,sh600223,6.55,46900,12.33,900,12.34,12.335,,0.0,0.0
162,09:38:02.000000000,09:38:02.000000000,sh600223,6.01499,46100,12.33,300,12.34,12.335,,0.0,0.0
163,09:38:05.000000000,09:38:05.000000000,sh600223,5.12864,43600,12.33,1900,12.34,12.335,,0.0,0.0
164,09:38:08.000000000,09:38:08.000000000,sh600223,5.5345,29700,12.33,500,12.34,12.335,,0.0,0.0
165,09:38:11.000000000,09:38:11.000000000,sh600223,7.20645,29500,12.33,4300,12.34,12.335,,0.0,0.0
166,09:38:14.000000000,09:38:14.000000000,sh600223,6.314080000000001,28600,12.33,7700,12.34,12.335,,0.0,0.0
167,09:38:17.000000000,09:38:17.000000000,sh600223,8.121789999999999,17700,12.33,4300,12.34,12.335,,0.0,0.0
168,09:38:20.000000000,09:38:20.000000000,sh600223,6.91005,5500,12.33,9100,12.34,12.335,,0.0,0.0
169,09:38:23.000000000,09:38:23.000000000,sh600223,8.91536,2000,12.3,14300,12.31,12.305,,0.0,0.0
170,09:38:26.000000000,09:38:26.000000000,sh600223,9.77765,3400,12.29,1400,12.3,12.295,,0.0,0.0
171,09:38:29.000000000,09:38:29.000000000,sh600223,8.51122,2500,12.29,200,12.3,12.295,,0.0,0.0
172,09:38:33.000000000,09:38:33.000000000,sh600223,7.40785,2400,12.29,1200,12.3,12.295,,0.0,0.0
173,09:38:36.000000000,09:38:36.000000000,sh600223,7.22193,12700,12.28,10400,12.29,12.285,,0.0,0.0
174,09:38:39.000000000,09:38:39.000000000,sh600223,6.31491,12700,12.28,17100,12.29,12.285,,0.0,0.0
175,09:38:42.000000000,09:38:42.000000000,sh600223,6.2976,12700,12.28,17700,12.29,12.285,,0.0,0.0
176,09:38:45.000000000,09:38:45.000000000,sh600223,3.75031,100,12.27,26397,12.28,12.275,,0.0,0.0
177,09:38:48.000000000,09:38:48.000000000,sh600223,4.40333,100,12.27,24297,12.28,12.275,,0.0,0.0
178,09:38:51.000000000,09:38:51.000000000,sh600223,7.715380000000001,5300,12.26,24497,12.28,12.27,,0.0,0.0
179,09:38:54.000000000,09:38:54.000000000,sh600223,7.2157,5300,12.26,28097,12.28,12.27,,0.0,0.0
180,09:38:57.000000000,09:38:57.000000000,sh600223,5.86057,300,12.27,22697,12.28,12.275,,0.0,0.0
181,09:38:59.000000000,09:38:59.000000000,sh600223,7.1043,9300,12.26,14897,12.28,12.27,,0.0,0.0
182,09:39:02.000000000,09:39:02.000000000,sh600223,5.02864,7603,12.28,4200,12.29,12.285,,0.0,0.0
183,09:39:05.000000000,09:39:05.000000000,sh600223,2.90612,3203,12.28,2700,12.29,12.285,,0.0,0.0
184,09:39:09.000000000,09:39:09.000000000,sh600223,2.02731,3203,12.28,3900,12.29,12.285,,0.0,0.0
185,09:39:12.000000000,09:39:12.000000000,sh600223,1.00314,5903,12.28,4000,12.29,12.285,,0.0,0.0
186,09:39:15.000000000,09:39:15.000000000,sh600223,-0.16075599999999998,803,12.28,4000,12.29,12.285,,0.0,0.0
187,09:39:18.000000000,09:39:18.000000000,sh600223,0.785473,2203,12.28,4000,12.29,12.285,,0.0,0.0
188,09:39:21.000000000,09:39:21.000000000,sh600223,-0.313219,3603,12.28,7300,12.29,12.285,,0.0,0.0
189,09:39:24.000000000,09:39:24.000000000,sh600223,-0.22227600000000003,4103,12.28,7200,12.29,12.285,,0.0,0.0
190,09:39:27.000000000,09:39:27.000000000,sh600223,0.828594,4203,12.28,4200,12.29,12.285,,0.0,0.0
191,09:39:30.000000000,09:39:30.000000000,sh600223,1.3237700000000001,7400,12.29,12100,12.3,12.295,,0.0,0.0
192,09:39:33.000000000,09:39:33.000000000,sh600223,1.89757,6000,12.29,10700,12.3,12.295,,0.0,0.0
193,09:39:36.000000000,09:39:36.000000000,sh600223,0.5415270000000001,6000,12.29,10000,12.3,12.295,,0.0,0.0
194,09:39:39.000000000,09:39:39.000000000,sh600223,-1.00894,4200,12.29,10000,12.3,12.295,,0.0,0.0
195,09:39:42.000000000,09:39:42.000000000,sh600223,-2.18381,3800,12.29,11400,12.3,12.295,,0.0,0.0
196,09:39:45.000000000,09:39:45.000000000,sh600223,-1.87638,9603,12.28,10600,12.29,12.285,,0.0,0.0
197,09:39:48.000000000,09:39:48.000000000,sh600223,-3.45865,8603,12.28,9400,12.29,12.285,,0.0,0.0
198,09:39:51.000000000,09:39:51.000000000,sh600223,-4.27611,15803,12.26,11900,12.28,12.27,,0.0,0.0
199,09:39:54.000000000,09:39:54.000000000,sh600223,-6.4726300000000005,15703,12.26,6300,12.27,12.265,,0.0,0.0
200,09:39:57.000000000,09:39:57.000000000,sh600223,-5.885669999999999,15703,12.26,5600,12.27,12.265,,0.0,0.0
201,09:39:59.000000000,09:39:59.000000000,sh600223,-5.81842,15703,12.26,5300,12.27,12.265,,0.0,0.0
202,09:40:02.000000000,09:40:02.000000000,sh600223,-6.26936,7503,12.26,4000,12.27,12.265,,0.0,0.0
203,09:40:05.000000000,09:40:05.000000000,sh600223,-8.546610000000001,301703,12.25,4700,12.27,12.26,,0.0,0.0
204,09:40:08.000000000,09:40:08.000000000,sh600223,-9.26389,301703,12.25,15100,12.26,12.255,,0.0,0.0
205,09:40:11.000000000,09:40:11.000000000,sh600223,-7.80475,302503,12.25,20300,12.26,12.255,,0.0,0.0
206,09:40:14.000000000,09:40:14.000000000,sh600223,-5.3885,301503,12.25,12900,12.26,12.255,,0.0,0.0
207,09:40:17.000000000,09:40:17.000000000,sh600223,-4.88741,300003,12.25,8400,12.26,12.255,,0.0,0.0
208,09:40:20.000000000,09:40:20.000000000,sh600223,-0.09111169999999999,5200,12.26,4700,12.27,12.265,,0.0,0.0
209,09:40:23.000000000,09:40:23.000000000,sh600223,1.78108,4000,12.26,4700,12.27,12.265,,0.0,0.0
210,09:40:27.000000000,09:40:27.000000000,sh600223,2.52949,2300,12.26,4000,12.27,12.265,,0.0,0.0
211,09:40:30.000000000,09:40:30.000000000,sh600223,1.2466700000000002,2200,12.26,4000,12.27,12.265,,0.0,0.0
212,09:40:33.000000000,09:40:33.000000000,sh600223,2.9008599999999998,5300,12.26,3500,12.27,12.265,,0.0,0.0
213,09:40:36.000000000,09:40:36.000000000,sh600223,1.89483,8200,12.26,3300,12.27,12.265,,0.0,0.0
214,09:40:39.000000000,09:40:39.000000000,sh600223,1.07782,8200,12.26,4300,12.27,12.265,,0.0,0.0
215,09:40:42.000000000,09:40:42.000000000,sh600223,-1.63214,8100,12.26,4900,12.27,12.265,,0.0,0.0
216,09:40:45.000000000,09:40:45.000000000,sh600223,-1.67408,8500,12.26,4900,12.27,12.265,,0.0,0.0
217,09:40:48.000000000,09:40:48.000000000,sh600223,-1.6774799999999999,4900,12.26,4900,12.27,12.265,,0.0,0.0
218,09:40:51.000000000,09:40:51.000000000,sh600223,-2.97741,317003,12.25,300,12.26,12.255,,0.0,0.0
219,09:40:54.000000000,09:40:54.000000000,sh600223,-2.3738,600,12.26,4100,12.27,12.265,,0.0,0.0
220,09:40:57.000000000,09:40:57.000000000,sh600223,-2.3067,316103,12.25,300,12.26,12.255,,0.0,0.0
221,09:41:00.000000000,09:41:00.000000000,sh600223,-3.38007,316103,12.25,600,12.26,12.255,,0.0,0.0
222,09:41:03.000000000,09:41:03.000000000,sh600223,-2.50903,5300,12.26,8800,12.27,12.265,,0.0,0.0
223,09:41:06.000000000,09:41:06.000000000,sh600223,-3.06505,316503,12.25,50200,12.26,12.255,,0.0,0.0
224,09:41:09.000000000,09:41:09.000000000,sh600223,-3.56415,311103,12.25,51600,12.26,12.255,,0.0,0.0
225,09:41:12.000000000,09:41:12.000000000,sh600223,-1.6672099999999999,301703,12.25,52500,12.26,12.255,,0.0,0.0
226,09:41:15.000000000,09:41:15.000000000,sh600223,-1.02173,265003,12.25,52200,12.26,12.255,,0.0,0.0
227,09:41:18.000000000,09:41:18.000000000,sh600223,-5.782019999999999,300,12.22,7500,12.24,12.23,,0.0,0.0
228,09:41:21.000000000,09:41:21.000000000,sh600223,-1.54542,20200,12.2,4200,12.22,12.21,,0.0,0.0
229,09:41:24.000000000,09:41:24.000000000,sh600223,-3.01073,7300,12.2,1800,12.22,12.21,,0.0,0.0
230,09:41:27.000000000,09:41:27.000000000,sh600223,-3.99592,4300,12.2,2200,12.22,12.21,,0.0,0.0
231,09:41:30.000000000,09:41:30.000000000,sh600223,-5.48655,4100,12.19,8200,12.2,12.195,,0.0,0.0
232,09:41:33.000000000,09:41:33.000000000,sh600223,-8.51243,4000,12.19,8000,12.2,12.195,,0.0,0.0
233,09:41:36.000000000,09:41:36.000000000,sh600223,-12.0418,3400,12.18,7800,12.19,12.185,,0.0,0.0
234,09:41:39.000000000,09:41:39.000000000,sh600223,-16.4165,2700,12.18,6400,12.19,12.185,,0.0,0.0
235,09:41:42.000000000,09:41:42.000000000,sh600223,-16.224,1800,12.17,200,12.18,12.175,,0.0,0.0
236,09:41:45.000000000,09:41:45.000000000,sh600223,-16.3518,700,12.19,6200,12.2,12.195,,0.0,0.0
237,09:41:48.000000000,09:41:48.000000000,sh600223,-14.1074,600,12.19,4100,12.2,12.195,,0.0,0.0
238,09:41:51.000000000,09:41:51.000000000,sh600223,-14.1682,800,12.2,4100,12.22,12.21,,0.0,0.0
239,09:41:54.000000000,09:41:54.000000000,sh600223,-13.3786,900,12.21,2800,12.23,12.22,,0.0,0.0
240,09:41:57.000000000,09:41:57.000000000,sh600223,-10.3707,1900,12.2,1000,12.23,12.215,,0.0,0.0
241,09:42:00.000000000,09:42:00.000000000,sh600223,-8.8856,1700,12.2,1000,12.23,12.215,,0.0,0.0
242,09:42:03.000000000,09:42:03.000000000,sh600223,-5.57147,2000,12.2,400,12.22,12.21,,0.0,0.0
243,09:42:06.000000000,09:42:06.000000000,sh600223,-5.51349,11200,12.21,400,12.22,12.215,,0.0,0.0
244,09:42:09.000000000,09:42:09.000000000,sh600223,-7.432689999999999,100,12.22,1200,12.23,12.225,,0.0,0.0
245,09:42:12.000000000,09:42:12.000000000,sh600223,-7.6447,500,12.22,5500,12.24,12.23,,0.0,0.0
246,09:42:15.000000000,09:42:15.000000000,sh600223,-6.04824,1500,12.22,5400,12.24,12.23,,0.0,0.0
247,09:42:18.000000000,09:42:18.000000000,sh600223,-3.8779,5600,12.22,9800,12.23,12.225,,0.0,0.0
248,09:42:21.000000000,09:42:21.000000000,sh600223,-0.6010770000000001,10800,12.21,3600,12.22,12.215,,0.0,0.0
249,09:42:24.000000000,09:42:24.000000000,sh600223,1.6024,10800,12.21,1600,12.22,12.215,,0.0,0.0
250,09:42:27.000000000,09:42:27.000000000,sh600223,2.7439299999999998,1500,12.19,18800,12.2,12.195,,0.0,0.0
251,09:42:30.000000000,09:42:30.000000000,sh600223,3.8057800000000004,2500,12.19,9700,12.2,12.195,,0.0,0.0
252,09:42:33.000000000,09:42:33.000000000,sh600223,6.817419999999999,3500,12.19,9600,12.2,12.195,,0.0,0.0
253,09:42:36.000000000,09:42:36.000000000,sh600223,7.05837,600,12.19,9000,12.2,12.195,,0.0,0.0
254,09:42:39.000000000,09:42:39.000000000,sh600223,5.52994,6900,12.18,300,12.19,12.185,,0.0,0.0
255,09:42:42.000000000,09:42:42.000000000,sh600223,5.31988,5200,12.18,1300,12.19,12.185,,0.0,0.0
256,09:42:45.000000000,09:42:45.000000000,sh600223,5.20547,5200,12.18,200,12.19,12.185,,0.0,0.0
257,09:42:48.000000000,09:42:48.000000000,sh600223,4.27309,1200,12.17,16500,12.18,12.175,,0.0,0.0
258,09:42:51.000000000,09:42:51.000000000,sh600223,5.0837699999999995,1700,12.17,15900,12.18,12.175,,0.0,0.0
259,09:42:54.000000000,09:42:54.000000000,sh600223,4.94515,6200,12.15,15500,12.18,12.165,,0.0,0.0
260,09:42:57.000000000,09:42:57.000000000,sh600223,6.79099,7000,12.15,400,12.17,12.16,,0.0,0.0
261,09:43:00.000000000,09:43:00.000000000,sh600223,6.28915,200,12.17,15500,12.18,12.175,,0.0,0.0
262,09:43:03.000000000,09:43:03.000000000,sh600223,9.72457,6500,12.15,200,12.17,12.16,,0.0,0.0
263,09:43:06.000000000,09:43:06.000000000,sh600223,6.0566699999999996,1600,12.18,600,12.19,12.185,,0.0,0.0
264,09:43:09.000000000,09:43:09.000000000,sh600223,7.835489999999999,1800,12.18,600,12.19,12.185,,0.0,0.0
265,09:43:12.000000000,09:43:12.000000000,sh600223,10.1721,1900,12.18,600,12.19,12.185,,0.0,0.0
266,09:43:15.000000000,09:43:15.000000000,sh600223,12.9795,6400,12.17,10000,12.18,12.175,,0.0,0.0
267,09:43:18.000000000,09:43:18.000000000,sh600223,14.8484,6400,12.17,2300,12.18,12.175,,0.0,0.0
268,09:43:21.000000000,09:43:21.000000000,sh600223,15.0618,13000,12.16,9800,12.17,12.165,,0.0,0.0
269,09:43:24.000000000,09:43:24.000000000,sh600223,14.7136,13000,12.16,800,12.17,12.165,,0.0,0.0
270,09:43:27.000000000,09:43:27.000000000,sh600223,16.624000000000002,1200,12.17,2500,12.18,12.175,,0.0,0.0
271,09:43:30.000000000,09:43:30.000000000,sh600223,16.4737,900,12.17,1800,12.18,12.175,,0.0,0.0
272,09:43:33.000000000,09:43:33.000000000,sh600223,16.7331,900,12.17,1600,12.18,12.175,,0.0,0.0
273,09:43:36.000000000,09:43:36.000000000,sh600223,15.8184,5500,12.16,2800,12.17,12.165,,0.0,0.0
274,09:43:39.000000000,09:43:39.000000000,sh600223,15.1254,5500,12.16,2800,12.17,12.165,,0.0,0.0
275,09:43:42.000000000,09:43:42.000000000,sh600223,15.2343,7200,12.17,3200,12.18,12.175,,0.0,0.0
276,09:43:45.000000000,09:43:45.000000000,sh600223,15.0201,8200,12.17,3200,12.18,12.175,,0.0,0.0
277,09:43:48.000000000,09:43:48.000000000,sh600223,15.1286,9500,12.17,1100,12.18,12.175,,0.0,0.0
278,09:43:51.000000000,09:43:51.000000000,sh600223,13.8595,9500,12.17,2700,12.18,12.175,,0.0,0.0
279,09:43:54.000000000,09:43:54.000000000,sh600223,13.1896,10400,12.17,2700,12.18,12.175,,0.0,0.0
280,09:43:57.000000000,09:43:57.000000000,sh600223,13.4977,4100,12.18,600,12.19,12.185,,0.0,0.0
281,09:44:00.000000000,09:44:00.000000000,sh600223,14.9557,2800,12.18,200,12.19,12.185,,0.0,0.0
282,09:44:02.000000000,09:44:02.000000000,sh600223,13.1633,200,12.19,10400,12.2,12.195,,0.0,0.0
283,09:44:05.000000000,09:44:05.000000000,sh600223,12.1346,100,12.18,10500,12.19,12.185,,0.0,0.0
284,09:44:08.000000000,09:44:08.000000000,sh600223,11.8171,10700,12.17,7600,12.18,12.175,,0.0,0.0
285,09:44:11.000000000,09:44:11.000000000,sh600223,10.379000000000001,10600,12.17,7800,12.18,12.175,,0.0,0.0
286,09:44:14.000000000,09:44:14.000000000,sh600223,10.5862,9400,12.17,7800,12.18,12.175,,0.0,0.0
287,09:44:17.000000000,09:44:17.000000000,sh600223,9.33188,9000,12.17,8200,12.18,12.175,,0.0,0.0
288,09:44:20.000000000,09:44:20.000000000,sh600223,7.764869999999999,12600,12.16,4000,12.17,12.165,,0.0,0.0
289,09:44:23.000000000,09:44:23.000000000,sh600223,5.77995,11600,12.16,3800,12.17,12.165,,0.0,0.0
290,09:44:26.000000000,09:44:26.000000000,sh600223,4.54847,11700,12.16,3300,12.17,12.165,,0.0,0.0
291,09:44:29.000000000,09:44:29.000000000,sh600223,3.01689,8700,12.16,7300,12.17,12.165,,0.0,0.0
292,09:44:32.000000000,09:44:32.000000000,sh600223,1.83213,6100,12.15,3000,12.16,12.155,,0.0,0.0
293,09:44:35.000000000,09:44:35.000000000,sh600223,-1.42008,100,12.16,7100,12.17,12.165,,0.0,0.0
294,09:44:39.000000000,09:44:39.000000000,sh600223,-4.25816,100,12.16,7100,12.17,12.165,,0.0,0.0
295,09:44:42.000000000,09:44:42.000000000,sh600223,-2.16296,8500,12.15,600,12.16,12.155,,0.0,0.0
296,09:44:45.000000000,09:44:45.000000000,sh600223,-3.59301,10000,12.15,1000,12.16,12.155,,0.0,0.0
297,09:44:48.000000000,09:44:48.000000000,sh600223,-4.20199,14500,12.15,200,12.16,12.155,,0.0,0.0
298,09:44:51.000000000,09:44:51.000000000,sh600223,-2.38809,14900,12.15,20200,12.17,12.16,,0.0,0.0
299,09:44:54.000000000,09:44:54.000000000,sh600223,-2.41942,14800,12.16,14300,12.18,12.17,,0.0,0.0
300,09:44:57.000000000,09:44:57.000000000,sh600223,-1.0893,15500,12.16,12500,12.18,12.17,,0.0,0.0
301,09:45:00.000000000,09:45:00.000000000,sh600223,-1.93292,700,12.18,2200,12.19,12.185,,0.0,0.0
302,09:45:02.000000000,09:45:02.000000000,sh600223,1.653,18700,12.17,8200,12.2,12.185,,0.0,0.0
303,09:45:06.000000000,09:45:06.000000000,sh600223,0.129977,15100,12.18,8200,12.2,12.19,,0.0,0.0
304,09:45:08.000000000,09:45:08.000000000,sh600223,-0.272958,1000,12.19,6600,12.2,12.195,,0.0,0.0
305,09:45:11.000000000,09:45:11.000000000,sh600223,1.1445299999999998,700,12.19,6500,12.2,12.195,,0.0,0.0
306,09:45:15.000000000,09:45:15.000000000,sh600223,-1.96691,700,12.19,6500,12.2,12.195,,0.0,0.0
307,09:45:18.000000000,09:45:18.000000000,sh600223,-7.3925399999999994,1700,12.19,3400,12.24,12.215,,0.0,0.0
308,09:45:21.000000000,09:45:21.000000000,sh600223,-5.48488,4400,12.2,300,12.21,12.205,,0.0,0.0
309,09:45:24.000000000,09:45:24.000000000,sh600223,-4.937069999999999,4400,12.2,100,12.21,12.205,,0.0,0.0
310,09:45:27.000000000,09:45:27.000000000,sh600223,-9.11257,1000,12.2,9500,12.24,12.22,,0.0,0.0
311,09:45:30.000000000,09:45:30.000000000,sh600223,-4.85343,7900,12.19,100,12.2,12.195,,0.0,0.0
312,09:45:33.000000000,09:45:33.000000000,sh600223,-9.23104,7900,12.19,7300,12.24,12.215,,0.0,0.0
313,09:45:36.000000000,09:45:36.000000000,sh600223,-8.95042,2700,12.19,1000,12.21,12.2,,0.0,0.0
314,09:45:39.000000000,09:45:39.000000000,sh600223,-10.8973,200,12.19,2400,12.21,12.2,,0.0,0.0
315,09:45:42.000000000,09:45:42.000000000,sh600223,-8.868730000000001,17400,12.18,300,12.19,12.185,,0.0,0.0
316,09:45:45.000000000,09:45:45.000000000,sh600223,-9.81366,300,12.19,1500,12.21,12.2,,0.0,0.0
317,09:45:48.000000000,09:45:48.000000000,sh600223,-12.7425,4600,12.21,7300,12.24,12.225,,0.0,0.0
318,09:45:51.000000000,09:45:51.000000000,sh600223,-10.2654,1000,12.19,9000,12.21,12.2,,0.0,0.0
319,09:45:54.000000000,09:45:54.000000000,sh600223,-11.5613,2800,12.19,9000,12.21,12.2,,0.0,0.0
320,09:45:57.000000000,09:45:57.000000000,sh600223,-10.4993,2800,12.19,9000,12.21,12.2,,0.0,0.0
321,09:46:00.000000000,09:46:00.000000000,sh600223,-9.629710000000001,300,12.2,9000,12.21,12.205,,0.0,0.0
322,09:46:03.000000000,09:46:03.000000000,sh600223,-7.9760800000000005,300,12.2,8500,12.21,12.205,,0.0,0.0
323,09:46:06.000000000,09:46:06.000000000,sh600223,-4.1483,2300,12.2,8500,12.21,12.205,,0.0,0.0
324,09:46:09.000000000,09:46:09.000000000,sh600223,-0.553242,2400,12.2,8500,12.21,12.205,,0.0,0.0
325,09:46:12.000000000,09:46:12.000000000,sh600223,3.16595,3200,12.2,7700,12.21,12.205,,0.0,0.0
326,09:46:15.000000000,09:46:15.000000000,sh600223,7.99518,3400,12.2,7600,12.21,12.205,,0.0,0.0
327,09:46:18.000000000,09:46:18.000000000,sh600223,10.4267,3400,12.2,5700,12.21,12.205,,0.0,0.0
328,09:46:21.000000000,09:46:21.000000000,sh600223,12.7478,3400,12.2,5500,12.21,12.205,,0.0,0.0
329,09:46:24.000000000,09:46:24.000000000,sh600223,14.2067,3800,12.2,2500,12.21,12.205,,0.0,0.0
330,09:46:27.000000000,09:46:27.000000000,sh600223,13.0099,200,12.21,6800,12.23,12.22,,0.0,0.0
331,09:46:30.000000000,09:46:30.000000000,sh600223,10.5767,1000,12.21,6500,12.23,12.22,,0.0,0.0
332,09:46:33.000000000,09:46:33.000000000,sh600223,11.267999999999999,1200,12.21,6500,12.23,12.22,,0.0,0.0
333,09:46:36.000000000,09:46:36.000000000,sh600223,11.136,800,12.21,5000,12.23,12.22,,0.0,0.0
334,09:46:39.000000000,09:46:39.000000000,sh600223,10.4923,800,12.21,400,12.22,12.215,,0.0,0.0
335,09:46:42.000000000,09:46:42.000000000,sh600223,7.9092199999999995,21100,12.23,8700,12.24,12.235,,0.0,0.0
336,09:46:45.000000000,09:46:45.000000000,sh600223,7.88382,20900,12.23,2100,12.24,12.235,,0.0,0.0
337,09:46:48.000000000,09:46:48.000000000,sh600223,8.5086,23000,12.23,2100,12.24,12.235,,0.0,0.0
338,09:46:51.000000000,09:46:51.000000000,sh600223,7.2671600000000005,23000,12.23,8600,12.24,12.235,,0.0,0.0
339,09:46:54.000000000,09:46:54.000000000,sh600223,4.0395,17200,12.23,8600,12.24,12.235,,0.0,0.0
340,09:46:57.000000000,09:46:57.000000000,sh600223,5.37831,1100,12.22,7800,12.23,12.225,,0.0,0.0
341,09:47:00.000000000,09:47:00.000000000,sh600223,6.57035,900,12.21,2200,12.22,12.215,,0.0,0.0
342,09:47:03.000000000,09:47:03.000000000,sh600223,5.96264,1300,12.21,6100,12.22,12.215,,0.0,0.0
343,09:47:06.000000000,09:47:06.000000000,sh600223,6.697769999999999,600,12.21,4400,12.22,12.215,,0.0,0.0
344,09:47:09.000000000,09:47:09.000000000,sh600223,8.74209,1000,12.21,5200,12.22,12.215,,0.0,0.0
345,09:47:12.000000000,09:47:12.000000000,sh600223,10.5582,6800,12.22,1600,12.23,12.225,,0.0,0.0
346,09:47:15.000000000,09:47:15.000000000,sh600223,11.8765,7900,12.22,1200,12.23,12.225,,0.0,0.0
347,09:47:18.000000000,09:47:18.000000000,sh600223,11.3265,8700,12.22,1200,12.23,12.225,,0.0,0.0
348,09:47:21.000000000,09:47:21.000000000,sh600223,12.2587,9400,12.22,1200,12.23,12.225,,0.0,0.0
349,09:47:24.000000000,09:47:24.000000000,sh600223,13.0545,9100,12.22,900,12.23,12.225,,0.0,0.0
350,09:47:27.000000000,09:47:27.000000000,sh600223,13.5721,9300,12.22,1200,12.23,12.225,,0.0,0.0
351,09:47:30.000000000,09:47:30.000000000,sh600223,13.884,8900,12.22,1100,12.23,12.225,,0.0,0.0
352,09:47:33.000000000,09:47:33.000000000,sh600223,13.3836,8600,12.22,9900,12.24,12.23,,0.0,0.0
353,09:47:36.000000000,09:47:36.000000000,sh600223,10.3725,7200,12.22,1500,12.23,12.225,,0.0,0.0
354,09:47:39.000000000,09:47:39.000000000,sh600223,10.9289,3700,12.21,300,12.22,12.215,,0.0,0.0
355,09:47:42.000000000,09:47:42.000000000,sh600223,4.2190900000000005,100,12.22,2300,12.24,12.23,,0.0,0.0
356,09:47:45.000000000,09:47:45.000000000,sh600223,0.382369,15800,12.23,2300,12.24,12.235,,0.0,0.0
357,09:47:48.000000000,09:47:48.000000000,sh600223,-0.766573,15500,12.23,2200,12.24,12.235,,0.0,0.0
358,09:47:51.000000000,09:47:51.000000000,sh600223,-2.13803,15500,12.23,1800,12.24,12.235,,0.0,0.0
359,09:47:54.000000000,09:47:54.000000000,sh600223,-1.8184799999999999,15500,12.23,1700,12.24,12.235,,0.0,0.0
360,09:47:57.000000000,09:47:57.000000000,sh600223,-2.56277,17000,12.23,1700,12.24,12.235,,0.0,0.0
361,09:48:00.000000000,09:48:00.000000000,sh600223,-3.39704,16000,12.23,10400,12.24,12.235,,0.0,0.0
362,09:48:03.000000000,09:48:03.000000000,sh600223,-3.84447,15500,12.23,3800,12.24,12.235,,0.0,0.0
363,09:48:06.000000000,09:48:06.000000000,sh600223,-4.10266,16500,12.23,3300,12.24,12.235,,0.0,0.0
364,09:48:09.000000000,09:48:09.000000000,sh600223,-4.36899,16500,12.23,2400,12.24,12.235,,0.0,0.0
365,09:48:12.000000000,09:48:12.000000000,sh600223,-5.57425,16500,12.23,8900,12.24,12.235,,0.0,0.0
366,09:48:15.000000000,09:48:15.000000000,sh600223,-3.3134900000000003,1100,12.22,600,12.23,12.225,,0.0,0.0
367,09:48:18.000000000,09:48:18.000000000,sh600223,-2.34827,1000,12.22,300,12.23,12.225,,0.0,0.0
368,09:48:21.000000000,09:48:21.000000000,sh600223,-2.84555,1200,12.22,300,12.23,12.225,,0.0,0.0
369,09:48:24.000000000,09:48:24.000000000,sh600223,-4.83445,1200,12.22,500,12.23,12.225,,0.0,0.0
370,09:48:27.000000000,09:48:27.000000000,sh600223,-4.70446,5800,12.21,18100,12.22,12.215,,0.0,0.0
371,09:48:30.000000000,09:48:30.000000000,sh600223,-8.363,1000,12.21,15400,12.22,12.215,,0.0,0.0
372,09:48:33.000000000,09:48:33.000000000,sh600223,-7.873710000000001,6300,12.2,2200,12.21,12.205,,0.0,0.0
373,09:48:36.000000000,09:48:36.000000000,sh600223,-8.40979,6300,12.2,2000,12.21,12.205,,0.0,0.0
374,09:48:39.000000000,09:48:39.000000000,sh600223,-8.836110000000001,6500,12.2,1700,12.21,12.205,,0.0,0.0
375,09:48:42.000000000,09:48:42.000000000,sh600223,-9.05146,6400,12.2,1700,12.21,12.205,,0.0,0.0
376,09:48:45.000000000,09:48:45.000000000,sh600223,-11.585999999999999,3200,12.19,93800,12.2,12.195,,0.0,0.0
377,09:48:48.000000000,09:48:48.000000000,sh600223,-13.185,8500,12.18,1900,12.19,12.185,,0.0,0.0
378,09:48:51.000000000,09:48:51.000000000,sh600223,-11.9918,8400,12.18,100,12.19,12.185,,0.0,0.0
379,09:48:54.000000000,09:48:54.000000000,sh600223,-12.6855,7700,12.18,100,12.19,12.185,,0.0,0.0
380,09:48:57.000000000,09:48:57.000000000,sh600223,-14.186,4000,12.18,600,12.19,12.185,,0.0,0.0
381,09:49:00.000000000,09:49:00.000000000,sh600223,-13.8592,4800,12.18,1100,12.19,12.185,,0.0,0.0
382,09:49:03.000000000,09:49:03.000000000,sh600223,-12.285,5000,12.18,1100,12.19,12.185,,0.0,0.0
383,09:49:05.000000000,09:49:05.000000000,sh600223,-12.2767,6000,12.18,500,12.19,12.185,,0.0,0.0
384,09:49:08.000000000,09:49:08.000000000,sh600223,-13.5043,5800,12.18,15600,12.19,12.185,,0.0,0.0
385,09:49:11.000000000,09:49:11.000000000,sh600223,-14.2804,20800,12.17,5600,12.18,12.175,,0.0,0.0
386,09:49:14.000000000,09:49:14.000000000,sh600223,-14.8694,21500,12.17,24500,12.19,12.18,,0.0,0.0
387,09:49:17.000000000,09:49:17.000000000,sh600223,-16.7005,20100,12.17,24300,12.19,12.18,,0.0,0.0
388,09:49:20.000000000,09:49:20.000000000,sh600223,-16.636,21000,12.17,24300,12.19,12.18,,0.0,0.0
389,09:49:23.000000000,09:49:23.000000000,sh600223,-17.9948,21000,12.17,24300,12.19,12.18,,0.0,0.0
390,09:49:26.000000000,09:49:26.000000000,sh600223,-16.058,400,12.18,24000,12.19,12.185,,0.0,0.0
391,09:49:29.000000000,09:49:29.000000000,sh600223,-15.2497,400,12.18,24400,12.19,12.185,,0.0,0.0
392,09:49:32.000000000,09:49:32.000000000,sh600223,-14.5042,300,12.18,24200,12.19,12.185,,0.0,0.0
393,09:49:36.000000000,09:49:36.000000000,sh600223,-12.4243,300,12.18,24200,12.19,12.185,,0.0,0.0
394,09:49:39.000000000,09:49:39.000000000,sh600223,-9.25645,13200,12.18,24000,12.19,12.185,,0.0,0.0
395,09:49:42.000000000,09:49:42.000000000,sh600223,-6.47015,14600,12.18,21800,12.19,12.185,,0.0,0.0
396,09:49:45.000000000,09:49:45.000000000,sh600223,-3.76917,15400,12.18,21700,12.19,12.185,,0.0,0.0
397,09:49:48.000000000,09:49:48.000000000,sh600223,-2.98598,9600,12.18,20900,12.19,12.185,,0.0,0.0
398,09:49:51.000000000,09:49:51.000000000,sh600223,-1.74045,21600,12.17,600,12.18,12.175,,0.0,0.0
399,09:49:54.000000000,09:49:54.000000000,sh600223,-0.743821,21600,12.17,700,12.18,12.175,,0.0,0.0
400,09:49:57.000000000,09:49:57.000000000,sh600223,0.165467,20900,12.17,700,12.18,12.175,,0.0,0.0
401,09:50:00.000000000,09:50:00.000000000,sh600223,-2.26913,10200,12.17,13300,12.18,12.175,,0.0,0.0
402,09:50:03.000000000,09:50:03.000000000,sh600223,-0.8180069999999999,3400,12.16,10300,12.17,12.165,,0.0,0.0
403,09:50:06.000000000,09:50:06.000000000,sh600223,-0.06098869999999999,2200,12.16,5100,12.17,12.165,,0.0,0.0
404,09:50:09.000000000,09:50:09.000000000,sh600223,-1.15868,5100,12.16,5100,12.17,12.165,,0.0,0.0
405,09:50:12.000000000,09:50:12.000000000,sh600223,-1.692,1900,12.16,2200,12.17,12.165,,0.0,0.0
406,09:50:15.000000000,09:50:15.000000000,sh600223,-1.7353299999999998,16000,12.15,200,12.16,12.155,,0.0,0.0
407,09:50:18.000000000,09:50:18.000000000,sh600223,-1.61266,16900,12.15,1800,12.16,12.155,,0.0,0.0
408,09:50:21.000000000,09:50:21.000000000,sh600223,-3.5293400000000004,15600,12.15,2800,12.16,12.155,,0.0,0.0
409,09:50:24.000000000,09:50:24.000000000,sh600223,-2.63258,15500,12.15,1900,12.16,12.155,,0.0,0.0
410,09:50:27.000000000,09:50:27.000000000,sh600223,-1.52972,15500,12.15,1900,12.16,12.155,,0.0,0.0
411,09:50:30.000000000,09:50:30.000000000,sh600223,-0.730191,15600,12.15,1900,12.16,12.155,,0.0,0.0
412,09:50:33.000000000,09:50:33.000000000,sh600223,1.42048,17100,12.15,900,12.16,12.155,,0.0,0.0
413,09:50:36.000000000,09:50:36.000000000,sh600223,1.9523400000000002,17100,12.15,12300,12.18,12.165,,0.0,0.0
414,09:50:39.000000000,09:50:39.000000000,sh600223,2.57694,200,12.16,12300,12.18,12.17,,0.0,0.0
415,09:50:42.000000000,09:50:42.000000000,sh600223,5.40155,100,12.16,12300,12.18,12.17,,0.0,0.0
416,09:50:45.000000000,09:50:45.000000000,sh600223,4.40536,4400,12.17,12300,12.18,12.175,,0.0,0.0
417,09:50:48.000000000,09:50:48.000000000,sh600223,7.64111,3700,12.17,12300,12.18,12.175,,0.0,0.0
418,09:50:51.000000000,09:50:51.000000000,sh600223,8.37316,3700,12.17,11800,12.18,12.175,,0.0,0.0
419,09:50:54.000000000,09:50:54.000000000,sh600223,8.849969999999999,4600,12.17,11800,12.18,12.175,,0.0,0.0
420,09:50:57.000000000,09:50:57.000000000,sh600223,9.32938,4600,12.17,12300,12.18,12.175,,0.0,0.0
421,09:51:00.000000000,09:51:00.000000000,sh600223,10.41,4600,12.17,11400,12.18,12.175,,0.0,0.0
422,09:51:03.000000000,09:51:03.000000000,sh600223,12.8897,13800,12.16,5800,12.17,12.165,,0.0,0.0
423,09:51:06.000000000,09:51:06.000000000,sh600223,13.0171,14700,12.16,6700,12.17,12.165,,0.0,0.0
424,09:51:09.000000000,09:51:09.000000000,sh600223,12.9633,14700,12.16,13800,12.17,12.165,,0.0,0.0
425,09:51:12.000000000,09:51:12.000000000,sh600223,14.4754,14700,12.16,13800,12.17,12.165,,0.0,0.0
426,09:51:15.000000000,09:51:15.000000000,sh600223,15.732000000000001,17200,12.16,8800,12.17,12.165,,0.0,0.0
427,09:51:18.000000000,09:51:18.000000000,sh600223,16.6338,18200,12.16,9800,12.17,12.165,,0.0,0.0
428,09:51:21.000000000,09:51:21.000000000,sh600223,16.9616,8200,12.16,7900,12.17,12.165,,0.0,0.0
429,09:51:24.000000000,09:51:24.000000000,sh600223,17.7844,7600,12.16,7700,12.17,12.165,,0.0,0.0
430,09:51:27.000000000,09:51:27.000000000,sh600223,17.1328,7400,12.16,6600,12.17,12.165,,0.0,0.0
431,09:51:30.000000000,09:51:30.000000000,sh600223,17.8759,7400,12.16,6600,12.17,12.165,,0.0,0.0
432,09:51:33.000000000,09:51:33.000000000,sh600223,16.611,14300,12.15,4010,12.16,12.155,,0.0,0.0
433,09:51:36.000000000,09:51:36.000000000,sh600223,16.4942,16300,12.15,5010,12.16,12.155,,0.0,0.0
434,09:51:39.000000000,09:51:39.000000000,sh600223,15.5017,16300,12.15,7710,12.16,12.155,,0.0,0.0
435,09:51:42.000000000,09:51:42.000000000,sh600223,15.5986,16300,12.15,7310,12.16,12.155,,0.0,0.0
436,09:51:45.000000000,09:51:45.000000000,sh600223,14.9212,16100,12.15,2610,12.16,12.155,,0.0,0.0
437,09:51:48.000000000,09:51:48.000000000,sh600223,12.7344,15900,12.15,2210,12.16,12.155,,0.0,0.0
438,09:51:51.000000000,09:51:51.000000000,sh600223,9.942680000000001,4900,12.17,12200,12.18,12.175,,0.0,0.0
439,09:51:54.000000000,09:51:54.000000000,sh600223,8.677439999999999,1900,12.17,9000,12.18,12.175,,0.0,0.0
440,09:51:57.000000000,09:51:57.000000000,sh600223,9.03079,4300,12.16,800,12.17,12.165,,0.0,0.0
441,09:52:00.000000000,09:52:00.000000000,sh600223,8.56049,4400,12.16,1200,12.17,12.165,,0.0,0.0
442,09:52:03.000000000,09:52:03.000000000,sh600223,6.5144400000000005,4500,12.16,700,12.17,12.165,,0.0,0.0
443,09:52:06.000000000,09:52:06.000000000,sh600223,3.6015300000000003,4400,12.16,700,12.17,12.165,,0.0,0.0
444,09:52:09.000000000,09:52:09.000000000,sh600223,1.31855,9400,12.16,500,12.17,12.165,,0.0,0.0
445,09:52:12.000000000,09:52:12.000000000,sh600223,0.22878400000000002,5100,12.16,900,12.17,12.165,,0.0,0.0
446,09:52:15.000000000,09:52:15.000000000,sh600223,-1.1890399999999999,3200,12.16,900,12.17,12.165,,0.0,0.0
447,09:52:18.000000000,09:52:18.000000000,sh600223,-1.50621,1000,12.16,1000,12.17,12.165,,0.0,0.0
448,09:52:21.000000000,09:52:21.000000000,sh600223,-0.542981,17600,12.15,6100,12.16,12.155,,0.0,0.0
449,09:52:24.000000000,09:52:24.000000000,sh600223,0.15926099999999999,17600,12.15,5800,12.16,12.155,,0.0,0.0
450,09:52:27.000000000,09:52:27.000000000,sh600223,-1.6812900000000002,17600,12.15,4900,12.16,12.155,,0.0,0.0
451,09:52:30.000000000,09:52:30.000000000,sh600223,-3.96748,10800,12.16,1500,12.17,12.165,,0.0,0.0
452,09:52:33.000000000,09:52:33.000000000,sh600223,-3.60295,11700,12.16,1500,12.17,12.165,,0.0,0.0
453,09:52:36.000000000,09:52:36.000000000,sh600223,-3.64874,11700,12.16,1500,12.17,12.165,,0.0,0.0
454,09:52:39.000000000,09:52:39.000000000,sh600223,-4.13554,11700,12.16,1400,12.17,12.165,,0.0,0.0
455,09:52:42.000000000,09:52:42.000000000,sh600223,-4.01527,11700,12.16,1400,12.17,12.165,,0.0,0.0
456,09:52:45.000000000,09:52:45.000000000,sh600223,-4.4832,7900,12.16,1200,12.17,12.165,,0.0,0.0
457,09:52:48.000000000,09:52:48.000000000,sh600223,-4.9927,7900,12.16,1200,12.17,12.165,,0.0,0.0
458,09:52:51.000000000,09:52:51.000000000,sh600223,-3.4524800000000004,18800,12.15,2800,12.16,12.155,,0.0,0.0
459,09:52:54.000000000,09:52:54.000000000,sh600223,-4.67168,18800,12.15,1900,12.16,12.155,,0.0,0.0
460,09:52:57.000000000,09:52:57.000000000,sh600223,-5.28195,18800,12.15,500,12.16,12.155,,0.0,0.0
461,09:53:00.000000000,09:53:00.000000000,sh600223,-5.19177,20700,12.15,500,12.16,12.155,,0.0,0.0
462,09:53:03.000000000,09:53:03.000000000,sh600223,-4.90183,18400,12.15,1200,12.16,12.155,,0.0,0.0
463,09:53:06.000000000,09:53:06.000000000,sh600223,-4.41934,9800,12.15,3900,12.17,12.16,,0.0,0.0
464,09:53:09.000000000,09:53:09.000000000,sh600223,-3.8339,25200,12.14,4200,12.15,12.145,,0.0,0.0
465,09:53:12.000000000,09:53:12.000000000,sh600223,-4.87788,25200,12.14,2200,12.15,12.145,,0.0,0.0
466,09:53:15.000000000,09:53:15.000000000,sh600223,-2.52716,25200,12.14,200,12.15,12.145,,0.0,0.0
467,09:53:18.000000000,09:53:18.000000000,sh600223,-1.73438,25200,12.14,200,12.15,12.145,,0.0,0.0
468,09:53:21.000000000,09:53:21.000000000,sh600223,-2.04906,24200,12.14,3600,12.16,12.15,,0.0,0.0
469,09:53:24.000000000,09:53:24.000000000,sh600223,-1.011,11000,12.14,2600,12.15,12.145,,0.0,0.0
470,09:53:27.000000000,09:53:27.000000000,sh600223,-1.16024,8400,12.14,3300,12.15,12.145,,0.0,0.0
471,09:53:30.000000000,09:53:30.000000000,sh600223,-1.0528600000000001,4300,12.14,3300,12.15,12.145,,0.0,0.0
472,09:53:33.000000000,09:53:33.000000000,sh600223,-0.72585,310800,12.13,4700,12.14,12.135,,0.0,0.0
473,09:53:36.000000000,09:53:36.000000000,sh600223,-0.523085,311600,12.13,2500,12.14,12.135,,0.0,0.0
474,09:53:39.000000000,09:53:39.000000000,sh600223,-1.4587700000000001,311600,12.13,22000,12.14,12.135,,0.0,0.0
475,09:53:42.000000000,09:53:42.000000000,sh600223,-3.12352,311600,12.13,22100,12.14,12.135,,0.0,0.0
476,09:53:45.000000000,09:53:45.000000000,sh600223,-3.1829,310600,12.13,23700,12.14,12.135,,0.0,0.0
477,09:53:48.000000000,09:53:48.000000000,sh600223,-3.21257,310600,12.13,22700,12.14,12.135,,0.0,0.0
478,09:53:51.000000000,09:53:51.000000000,sh600223,0.0928378,310500,12.13,14800,12.14,12.135,,0.0,0.0
479,09:53:54.000000000,09:53:54.000000000,sh600223,1.2373399999999999,293200,12.13,1600,12.15,12.14,,0.0,0.0
480,09:53:57.000000000,09:53:57.000000000,sh600223,2.15063,1900,12.14,800,12.15,12.145,,0.0,0.0
481,09:54:00.000000000,09:54:00.000000000,sh600223,1.8119299999999998,800,12.14,800,12.15,12.145,,0.0,0.0
482,09:54:03.000000000,09:54:03.000000000,sh600223,2.7418099999999996,1200,12.14,800,12.15,12.145,,0.0,0.0
483,09:54:06.000000000,09:54:06.000000000,sh600223,2.54022,1200,12.14,800,12.15,12.145,,0.0,0.0
484,09:54:07.000000000,09:54:07.000000000,sh600223,2.84326,1200,12.14,600,12.15,12.145,,0.0,0.0
485,09:54:10.000000000,09:54:10.000000000,sh600223,3.8028800000000005,1600,12.14,300,12.15,12.145,,0.0,0.0
486,09:54:12.000000000,09:54:12.000000000,sh600223,5.24913,290900,12.13,900,12.14,12.135,,0.0,0.0
487,09:54:15.000000000,09:54:15.000000000,sh600223,5.67928,1200,12.14,600,12.15,12.145,,0.0,0.0
488,09:54:18.000000000,09:54:18.000000000,sh600223,3.67253,291400,12.13,40100,12.14,12.135,,0.0,0.0
489,09:54:21.000000000,09:54:21.000000000,sh600223,2.81121,291400,12.13,41000,12.14,12.135,,0.0,0.0
490,09:54:24.000000000,09:54:24.000000000,sh600223,1.94993,291400,12.13,40900,12.14,12.135,,0.0,0.0
491,09:54:27.000000000,09:54:27.000000000,sh600223,2.4236299999999997,292700,12.13,38400,12.14,12.135,,0.0,0.0
492,09:54:30.000000000,09:54:30.000000000,sh600223,3.6942199999999996,292900,12.13,38400,12.14,12.135,,0.0,0.0
493,09:54:33.000000000,09:54:33.000000000,sh600223,2.8081,290700,12.13,38700,12.14,12.135,,0.0,0.0
494,09:54:36.000000000,09:54:36.000000000,sh600223,2.36883,291100,12.13,37000,12.14,12.135,,0.0,0.0
495,09:54:39.000000000,09:54:39.000000000,sh600223,2.5197,291000,12.13,37000,12.14,12.135,,0.0,0.0
496,09:54:42.000000000,09:54:42.000000000,sh600223,3.2267200000000003,289000,12.13,33800,12.14,12.135,,0.0,0.0
497,09:54:45.000000000,09:54:45.000000000,sh600223,4.26813,289400,12.13,35200,12.14,12.135,,0.0,0.0
498,09:54:48.000000000,09:54:48.000000000,sh600223,3.4838,282400,12.13,34300,12.14,12.135,,0.0,0.0
499,09:54:51.000000000,09:54:51.000000000,sh600223,3.8571,281400,12.13,33300,12.14,12.135,,0.0,0.0
500,09:54:54.000000000,09:54:54.000000000,sh600223,3.94297,281000,12.13,31300,12.14,12.135,,0.0,0.0
501,09:54:57.000000000,09:54:57.000000000,sh600223,3.4554099999999996,280800,12.13,31300,12.14,12.135,,0.0,0.0
502,09:55:00.000000000,09:55:00.000000000,sh600223,1.49557,279900,12.13,31500,12.14,12.135,,0.0,0.0
503,09:55:03.000000000,09:55:03.000000000,sh600223,-0.417605,279400,12.13,27100,12.14,12.135,,0.0,0.0
504,09:55:06.000000000,09:55:06.000000000,sh600223,-1.33762,279900,12.13,25700,12.14,12.135,,0.0,0.0
505,09:55:09.000000000,09:55:09.000000000,sh600223,-3.0144900000000003,279900,12.13,23200,12.14,12.135,,0.0,0.0
506,09:55:12.000000000,09:55:12.000000000,sh600223,-5.67823,111800,12.13,23200,12.14,12.135,,0.0,0.0
507,09:55:15.000000000,09:55:15.000000000,sh600223,-6.99034,81000,12.13,22900,12.14,12.135,,0.0,0.0
508,09:55:18.000000000,09:55:18.000000000,sh600223,-5.08157,36400,12.14,10800,12.15,12.145,,0.0,0.0
509,09:55:21.000000000,09:55:21.000000000,sh600223,-4.77192,37300,12.14,10100,12.15,12.145,,0.0,0.0
510,09:55:24.000000000,09:55:24.000000000,sh600223,-3.9351599999999998,39900,12.14,9400,12.15,12.145,,0.0,0.0
511,09:55:27.000000000,09:55:27.000000000,sh600223,-0.275413,42300,12.14,7500,12.15,12.145,,0.0,0.0
512,09:55:30.000000000,09:55:30.000000000,sh600223,1.1133600000000001,43400,12.14,6800,12.15,12.145,,0.0,0.0
513,09:55:33.000000000,09:55:33.000000000,sh600223,1.8948,41400,12.14,6500,12.15,12.145,,0.0,0.0
514,09:55:36.000000000,09:55:36.000000000,sh600223,2.28862,43500,12.14,6400,12.15,12.145,,0.0,0.0
515,09:55:39.000000000,09:55:39.000000000,sh600223,4.81758,43700,12.14,6400,12.15,12.145,,0.0,0.0
516,09:55:42.000000000,09:55:42.000000000,sh600223,6.56331,43700,12.14,3400,12.15,12.145,,0.0,0.0
517,09:55:45.000000000,09:55:45.000000000,sh600223,6.68364,44500,12.14,2700,12.15,12.145,,0.0,0.0
518,09:55:48.000000000,09:55:48.000000000,sh600223,6.82835,2200,12.15,1700,12.16,12.155,,0.0,0.0
519,09:55:51.000000000,09:55:51.000000000,sh600223,6.81964,3000,12.15,2900,12.16,12.155,,0.0,0.0
520,09:55:54.000000000,09:55:54.000000000,sh600223,9.04405,8900,12.15,500,12.16,12.155,,0.0,0.0
521,09:55:57.000000000,09:55:57.000000000,sh600223,9.6359,14800,12.15,500,12.16,12.155,,0.0,0.0
522,09:56:00.000000000,09:56:00.000000000,sh600223,8.465069999999999,16100,12.15,500,12.16,12.155,,0.0,0.0
523,09:56:03.000000000,09:56:03.000000000,sh600223,9.35004,2400,12.16,3400,12.17,12.165,,0.0,0.0
524,09:56:06.000000000,09:56:06.000000000,sh600223,10.828,17700,12.15,1000,12.17,12.16,,0.0,0.0
525,09:56:09.000000000,09:56:09.000000000,sh600223,8.58132,17600,12.15,5500,12.16,12.155,,0.0,0.0
526,09:56:12.000000000,09:56:12.000000000,sh600223,8.06057,6600,12.15,1900,12.16,12.155,,0.0,0.0
527,09:56:15.000000000,09:56:15.000000000,sh600223,6.93725,42400,12.14,4100,12.15,12.145,,0.0,0.0
528,09:56:18.000000000,09:56:18.000000000,sh600223,7.0442100000000005,42400,12.14,4100,12.15,12.145,,0.0,0.0
529,09:56:21.000000000,09:56:21.000000000,sh600223,4.02266,41400,12.14,2700,12.15,12.145,,0.0,0.0
530,09:56:24.000000000,09:56:24.000000000,sh600223,1.6953599999999998,41000,12.14,600,12.15,12.145,,0.0,0.0
531,09:56:27.000000000,09:56:27.000000000,sh600223,0.774746,37600,12.14,1000,12.15,12.145,,0.0,0.0
532,09:56:30.000000000,09:56:30.000000000,sh600223,-1.29948,37600,12.14,200,12.15,12.145,,0.0,0.0
533,09:56:33.000000000,09:56:33.000000000,sh600223,-1.85578,44400,12.14,400,12.15,12.145,,0.0,0.0
534,09:56:36.000000000,09:56:36.000000000,sh600223,-4.12976,44400,12.14,400,12.15,12.145,,0.0,0.0
535,09:56:39.000000000,09:56:39.000000000,sh600223,-6.3410400000000005,200,12.15,2000,12.16,12.155,,0.0,0.0
536,09:56:42.000000000,09:56:42.000000000,sh600223,-3.5861199999999998,44100,12.14,1200,12.15,12.145,,0.0,0.0
537,09:56:45.000000000,09:56:45.000000000,sh600223,-5.72788,39100,12.14,700,12.15,12.145,,0.0,0.0
538,09:56:48.000000000,09:56:48.000000000,sh600223,-6.9180399999999995,40200,12.14,700,12.15,12.145,,0.0,0.0
539,09:56:51.000000000,09:56:51.000000000,sh600223,-6.09497,38900,12.14,700,12.15,12.145,,0.0,0.0
540,09:56:54.000000000,09:56:54.000000000,sh600223,-6.51002,38900,12.14,2300,12.15,12.145,,0.0,0.0
541,09:56:57.000000000,09:56:57.000000000,sh600223,-7.459630000000001,33500,12.14,2300,12.15,12.145,,0.0,0.0
542,09:57:00.000000000,09:57:00.000000000,sh600223,-8.28528,5000,12.15,1400,12.16,12.155,,0.0,0.0
543,09:57:03.000000000,09:57:03.000000000,sh600223,-10.2921,28900,12.14,24800,12.15,12.145,,0.0,0.0
544,09:57:06.000000000,09:57:06.000000000,sh600223,-10.7683,10100,12.14,22700,12.15,12.145,,0.0,0.0
545,09:57:09.000000000,09:57:09.000000000,sh600223,-10.5775,77300,12.13,4700,12.14,12.135,,0.0,0.0
546,09:57:12.000000000,09:57:12.000000000,sh600223,-9.214210000000001,71200,12.13,5700,12.14,12.135,,0.0,0.0
547,09:57:15.000000000,09:57:15.000000000,sh600223,-8.55845,68700,12.13,5500,12.14,12.135,,0.0,0.0
548,09:57:18.000000000,09:57:18.000000000,sh600223,-7.37672,1200,12.14,5000,12.15,12.145,,0.0,0.0
549,09:57:21.000000000,09:57:21.000000000,sh600223,-5.68735,64000,12.13,5000,12.15,12.14,,0.0,0.0
550,09:57:24.000000000,09:57:24.000000000,sh600223,-5.20705,63000,12.13,4600,12.14,12.135,,0.0,0.0
551,09:57:27.000000000,09:57:27.000000000,sh600223,-5.5433,64000,12.13,4400,12.14,12.135,,0.0,0.0
552,09:57:30.000000000,09:57:30.000000000,sh600223,-5.72397,64000,12.13,2600,12.14,12.135,,0.0,0.0
553,09:57:33.000000000,09:57:33.000000000,sh600223,-4.33312,64100,12.13,2700,12.14,12.135,,0.0,0.0
554,09:57:36.000000000,09:57:36.000000000,sh600223,-3.7937800000000004,63000,12.13,2600,12.14,12.135,,0.0,0.0
555,09:57:39.000000000,09:57:39.000000000,sh600223,-4.16758,64700,12.13,2400,12.14,12.135,,0.0,0.0
556,09:57:42.000000000,09:57:42.000000000,sh600223,-1.0445200000000001,38000,12.14,9900,12.15,12.145,,0.0,0.0
557,09:57:45.000000000,09:57:45.000000000,sh600223,1.3747,38000,12.14,9900,12.15,12.145,,0.0,0.0
558,09:57:48.000000000,09:57:48.000000000,sh600223,0.455725,36200,12.14,7800,12.15,12.145,,0.0,0.0
559,09:57:51.000000000,09:57:51.000000000,sh600223,0.595182,38200,12.14,7800,12.15,12.145,,0.0,0.0
560,09:57:54.000000000,09:57:54.000000000,sh600223,0.9923379999999999,37700,12.14,7800,12.15,12.145,,0.0,0.0
561,09:57:57.000000000,09:57:57.000000000,sh600223,1.45313,37700,12.14,6800,12.15,12.145,,0.0,0.0
562,09:58:00.000000000,09:58:00.000000000,sh600223,3.4814599999999998,2800,12.15,3900,12.16,12.155,,0.0,0.0
563,09:58:03.000000000,09:58:03.000000000,sh600223,2.31633,3400,12.16,2200,12.18,12.17,,0.0,0.0
564,09:58:06.000000000,09:58:06.000000000,sh600223,5.4509,4500,12.16,100,12.17,12.165,,0.0,0.0
565,09:58:09.000000000,09:58:09.000000000,sh600223,6.1689099999999994,2900,12.16,100,12.17,12.165,,0.0,0.0
566,09:58:12.000000000,09:58:12.000000000,sh600223,5.192130000000001,900,12.17,2200,12.18,12.175,,0.0,0.0
567,09:58:15.000000000,09:58:15.000000000,sh600223,8.024,3300,12.15,1600,12.16,12.155,,0.0,0.0
568,09:58:18.000000000,09:58:18.000000000,sh600223,9.448089999999999,4000,12.15,800,12.17,12.16,,0.0,0.0
569,09:58:21.000000000,09:58:21.000000000,sh600223,9.340689999999999,4000,12.15,400,12.17,12.16,,0.0,0.0
570,09:58:24.000000000,09:58:24.000000000,sh600223,7.4403,7000,12.16,6800,12.17,12.165,,0.0,0.0
571,09:58:27.000000000,09:58:27.000000000,sh600223,6.83108,6900,12.16,6800,12.17,12.165,,0.0,0.0
572,09:58:30.000000000,09:58:30.000000000,sh600223,8.50008,36500,12.14,4500,12.15,12.145,,0.0,0.0
573,09:58:33.000000000,09:58:33.000000000,sh600223,8.63292,36400,12.14,4500,12.15,12.145,,0.0,0.0
574,09:58:36.000000000,09:58:36.000000000,sh600223,6.54841,1900,12.15,10800,12.17,12.16,,0.0,0.0
575,09:58:39.000000000,09:58:39.000000000,sh600223,6.8246199999999995,2700,12.15,600,12.16,12.155,,0.0,0.0
576,09:58:42.000000000,09:58:42.000000000,sh600223,7.3086899999999995,3000,12.15,600,12.16,12.155,,0.0,0.0
577,09:58:45.000000000,09:58:45.000000000,sh600223,6.33701,4400,12.15,600,12.16,12.155,,0.0,0.0
578,09:58:48.000000000,09:58:48.000000000,sh600223,5.48136,4400,12.15,1600,12.16,12.155,,0.0,0.0
579,09:58:51.000000000,09:58:51.000000000,sh600223,5.50683,4400,12.15,1600,12.16,12.155,,0.0,0.0
580,09:58:54.000000000,09:58:54.000000000,sh600223,6.2389,5500,12.15,500,12.16,12.155,,0.0,0.0
581,09:58:57.000000000,09:58:57.000000000,sh600223,5.41858,5500,12.15,5100,12.16,12.155,,0.0,0.0
582,09:59:00.000000000,09:59:00.000000000,sh600223,5.0096,37200,12.14,500,12.15,12.145,,0.0,0.0
583,09:59:03.000000000,09:59:03.000000000,sh600223,4.88809,37600,12.14,3200,12.15,12.145,,0.0,0.0
584,09:59:06.000000000,09:59:06.000000000,sh600223,4.14406,31600,12.14,3900,12.15,12.145,,0.0,0.0
585,09:59:09.000000000,09:59:09.000000000,sh600223,4.09851,64400,12.13,4500,12.14,12.135,,0.0,0.0
586,09:59:12.000000000,09:59:12.000000000,sh600223,5.2400400000000005,62100,12.13,3600,12.14,12.135,,0.0,0.0
587,09:59:15.000000000,09:59:15.000000000,sh600223,5.7721,57100,12.13,2900,12.14,12.135,,0.0,0.0
588,09:59:18.000000000,09:59:18.000000000,sh600223,3.5719199999999995,24000,12.13,5500,12.14,12.135,,0.0,0.0
589,09:59:21.000000000,09:59:21.000000000,sh600223,1.63772,22600,12.12,12800,12.13,12.125,,0.0,0.0
590,09:59:24.000000000,09:59:24.000000000,sh600223,1.39416,21800,12.12,14200,12.13,12.125,,0.0,0.0
591,09:59:27.000000000,09:59:27.000000000,sh600223,0.9104760000000001,17300,12.12,14100,12.13,12.125,,0.0,0.0
592,09:59:30.000000000,09:59:30.000000000,sh600223,1.63721,16700,12.12,17200,12.13,12.125,,0.0,0.0
593,09:59:33.000000000,09:59:33.000000000,sh600223,0.542037,9900,12.12,16400,12.13,12.125,,0.0,0.0
594,09:59:36.000000000,09:59:36.000000000,sh600223,0.919593,8400,12.12,500,12.13,12.125,,0.0,0.0
595,09:59:39.000000000,09:59:39.000000000,sh600223,-0.199004,4900,12.12,500,12.13,12.125,,0.0,0.0
596,09:59:42.000000000,09:59:42.000000000,sh600223,0.121387,22500,12.11,3200,12.12,12.115,,0.0,0.0
597,09:59:45.000000000,09:59:45.000000000,sh600223,-0.722511,23800,12.11,3200,12.12,12.115,,0.0,0.0
598,09:59:48.000000000,09:59:48.000000000,sh600223,-0.848226,13000,12.11,9100,12.12,12.115,,0.0,0.0
599,09:59:51.000000000,09:59:51.000000000,sh600223,-2.59273,9800,12.11,11600,12.12,12.115,,0.0,0.0
600,09:59:54.000000000,09:59:54.000000000,sh600223,-3.48431,8300,12.11,12900,12.12,12.115,,0.0,0.0
601,09:59:57.000000000,09:59:57.000000000,sh600223,-4.08327,80300,12.1,3200,12.11,12.105,,0.0,0.0
602,10:00:00.000000000,10:00:00.000000000,sh600223,-3.74999,80200,12.1,6500,12.11,12.105,,0.0,0.0
603,10:00:03.000000000,10:00:03.000000000,sh600223,-4.33425,72800,12.1,6500,12.11,12.105,,0.0,0.0
604,10:00:06.000000000,10:00:06.000000000,sh600223,-5.09897,67900,12.1,9000,12.11,12.105,,0.0,0.0
605,10:00:09.000000000,10:00:09.000000000,sh600223,-4.7559,67300,12.1,9000,12.11,12.105,,0.0,0.0
606,10:00:12.000000000,10:00:12.000000000,sh600223,-4.3272699999999995,66400,12.1,9000,12.11,12.105,,0.0,0.0
607,10:00:15.000000000,10:00:15.000000000,sh600223,-5.71159,63500,12.1,8700,12.11,12.105,,0.0,0.0
608,10:00:18.000000000,10:00:18.000000000,sh600223,-5.73837,57400,12.1,8700,12.11,12.105,,0.0,0.0
609,10:00:21.000000000,10:00:21.000000000,sh600223,-7.130039999999999,53700,12.1,6900,12.11,12.105,,0.0,0.0
610,10:00:24.000000000,10:00:24.000000000,sh600223,-7.4753,48500,12.1,6900,12.11,12.105,,0.0,0.0
611,10:00:27.000000000,10:00:27.000000000,sh600223,-7.1555,43900,12.1,7100,12.11,12.105,,0.0,0.0
612,10:00:30.000000000,10:00:30.000000000,sh600223,-6.615639999999999,42100,12.1,7100,12.11,12.105,,0.0,0.0
613,10:00:33.000000000,10:00:33.000000000,sh600223,-7.1665,29500,12.1,6700,12.11,12.105,,0.0,0.0
614,10:00:39.000000000,10:00:39.000000000,sh600223,-4.38858,8200,12.09,4300,12.1,12.095,,0.0,0.0
615,10:00:42.000000000,10:00:42.000000000,sh600223,-2.7351400000000003,8100,12.09,3800,12.1,12.095,,0.0,0.0
616,10:00:45.000000000,10:00:45.000000000,sh600223,-3.5959800000000004,88700,12.08,3800,12.1,12.09,,0.0,0.0
617,10:00:48.000000000,10:00:48.000000000,sh600223,-1.1187200000000002,88700,12.08,1200,12.09,12.085,,0.0,0.0
618,10:00:51.000000000,10:00:51.000000000,sh600223,-0.730025,900,12.09,5200,12.1,12.095,,0.0,0.0
619,10:00:54.000000000,10:00:54.000000000,sh600223,0.12911199999999998,200,12.09,10500,12.1,12.095,,0.0,0.0
620,10:00:57.000000000,10:00:57.000000000,sh600223,1.6980400000000002,91800,12.08,1800,12.09,12.085,,0.0,0.0
621,10:01:00.000000000,10:01:00.000000000,sh600223,2.00953,91000,12.08,900,12.09,12.085,,0.0,0.0
622,10:01:03.000000000,10:01:03.000000000,sh600223,3.2008099999999997,91000,12.08,800,12.09,12.085,,0.0,0.0
623,10:01:06.000000000,10:01:06.000000000,sh600223,3.18098,86800,12.08,600,12.09,12.085,,0.0,0.0
624,10:01:09.000000000,10:01:09.000000000,sh600223,2.08528,83000,12.08,2000,12.09,12.085,,0.0,0.0
625,10:01:12.000000000,10:01:12.000000000,sh600223,1.77977,83000,12.08,2700,12.09,12.085,,0.0,0.0
626,10:01:15.000000000,10:01:15.000000000,sh600223,0.8999959999999999,65500,12.08,6700,12.09,12.085,,0.0,0.0
627,10:01:18.000000000,10:01:18.000000000,sh600223,0.820218,62800,12.08,6700,12.09,12.085,,0.0,0.0
628,10:01:21.000000000,10:01:21.000000000,sh600223,1.67115,45500,12.08,5200,12.09,12.085,,0.0,0.0
629,10:01:24.000000000,10:01:24.000000000,sh600223,1.9073900000000001,44200,12.08,3500,12.09,12.085,,0.0,0.0
630,10:01:27.000000000,10:01:27.000000000,sh600223,2.0020599999999997,100,12.09,12400,12.1,12.095,,0.0,0.0
631,10:01:30.000000000,10:01:30.000000000,sh600223,2.64647,42600,12.08,3200,12.09,12.085,,0.0,0.0
632,10:01:36.000000000,10:01:36.000000000,sh600223,-0.10660399999999999,32000,12.08,1400,12.09,12.085,,0.0,0.0
633,10:01:39.000000000,10:01:39.000000000,sh600223,-0.145241,33200,12.08,100,12.09,12.085,,0.0,0.0
634,10:01:42.000000000,10:01:42.000000000,sh600223,0.031277,1600,12.09,12400,12.1,12.095,,0.0,0.0
635,10:01:45.000000000,10:01:45.000000000,sh600223,0.24256,4900,12.09,12400,12.1,12.095,,0.0,0.0
636,10:01:48.000000000,10:01:48.000000000,sh600223,1.1177700000000002,5900,12.09,12400,12.1,12.095,,0.0,0.0
637,10:01:51.000000000,10:01:51.000000000,sh600223,0.302259,5200,12.09,12400,12.1,12.095,,0.0,0.0
638,10:01:54.000000000,10:01:54.000000000,sh600223,-2.92148,2600,12.09,12400,12.1,12.095,,0.0,0.0
639,10:01:57.000000000,10:01:57.000000000,sh600223,-1.49458,31300,12.08,12100,12.1,12.09,,0.0,0.0
640,10:02:00.000000000,10:02:00.000000000,sh600223,-3.2216099999999996,1000,12.09,12100,12.1,12.095,,0.0,0.0
641,10:02:03.000000000,10:02:03.000000000,sh600223,-3.34378,2000,12.09,6400,12.1,12.095,,0.0,0.0
642,10:02:06.000000000,10:02:06.000000000,sh600223,-3.0189999999999997,3000,12.09,6400,12.1,12.095,,0.0,0.0
643,10:02:09.000000000,10:02:09.000000000,sh600223,-5.96621,49000,12.08,1500,12.09,12.085,,0.0,0.0
644,10:02:12.000000000,10:02:12.000000000,sh600223,-6.81928,49800,12.08,1500,12.09,12.085,,0.0,0.0
645,10:02:15.000000000,10:02:15.000000000,sh600223,-7.441789999999999,42800,12.08,1000,12.09,12.085,,0.0,0.0
646,10:02:18.000000000,10:02:18.000000000,sh600223,-7.215110000000001,42900,12.08,1200,12.09,12.085,,0.0,0.0
647,10:02:21.000000000,10:02:21.000000000,sh600223,-8.38744,36200,12.08,1200,12.09,12.085,,0.0,0.0
648,10:02:24.000000000,10:02:24.000000000,sh600223,-9.49442,400,12.09,5500,12.1,12.095,,0.0,0.0
649,10:02:27.000000000,10:02:27.000000000,sh600223,-7.32631,1800,12.09,3500,12.1,12.095,,0.0,0.0
650,10:02:30.000000000,10:02:30.000000000,sh600223,-7.237360000000001,2500,12.09,3300,12.1,12.095,,0.0,0.0
651,10:02:33.000000000,10:02:33.000000000,sh600223,-6.77491,3200,12.09,2400,12.1,12.095,,0.0,0.0
652,10:02:36.000000000,10:02:36.000000000,sh600223,-5.07216,7100,12.09,1200,12.1,12.095,,0.0,0.0
653,10:02:39.000000000,10:02:39.000000000,sh600223,-7.397139999999999,2000,12.1,2000,12.11,12.105,,0.0,0.0
654,10:02:42.000000000,10:02:42.000000000,sh600223,-8.02323,2000,12.1,1900,12.11,12.105,,0.0,0.0
655,10:02:45.000000000,10:02:45.000000000,sh600223,-8.01698,1500,12.1,1900,12.11,12.105,,0.0,0.0
656,10:02:48.000000000,10:02:48.000000000,sh600223,-7.951110000000001,1100,12.1,3200,12.11,12.105,,0.0,0.0
657,10:02:51.000000000,10:02:51.000000000,sh600223,-6.13684,15700,12.09,2200,12.1,12.095,,0.0,0.0
658,10:02:54.000000000,10:02:54.000000000,sh600223,-5.79606,400,12.1,700,12.11,12.105,,0.0,0.0
659,10:02:57.000000000,10:02:57.000000000,sh600223,-5.49949,300,12.1,1700,12.11,12.105,,0.0,0.0
660,10:03:00.000000000,10:03:00.000000000,sh600223,-4.07144,800,12.1,900,12.11,12.105,,0.0,0.0
661,10:03:06.000000000,10:03:06.000000000,sh600223,-2.26954,8900,12.09,5000,12.1,12.095,,0.0,0.0
662,10:03:09.000000000,10:03:09.000000000,sh600223,-0.045054699999999996,8500,12.09,5000,12.1,12.095,,0.0,0.0
663,10:03:12.000000000,10:03:12.000000000,sh600223,-1.3367,400,12.09,5000,12.1,12.095,,0.0,0.0
664,10:03:15.000000000,10:03:15.000000000,sh600223,0.304809,31700,12.08,1600,12.09,12.085,,0.0,0.0
665,10:03:18.000000000,10:03:18.000000000,sh600223,-0.5796859999999999,1600,12.09,5000,12.1,12.095,,0.0,0.0
666,10:03:21.000000000,10:03:21.000000000,sh600223,-0.7358140000000001,23700,12.08,1500,12.09,12.085,,0.0,0.0
667,10:03:24.000000000,10:03:24.000000000,sh600223,0.565972,7900,12.09,7700,12.1,12.095,,0.0,0.0
668,10:03:27.000000000,10:03:27.000000000,sh600223,-0.28641700000000003,1300,12.09,7700,12.1,12.095,,0.0,0.0
669,10:03:30.000000000,10:03:30.000000000,sh600223,1.56951,700,12.09,10200,12.1,12.095,,0.0,0.0
670,10:03:33.000000000,10:03:33.000000000,sh600223,4.28365,14300,12.08,3000,12.09,12.085,,0.0,0.0
671,10:03:36.000000000,10:03:36.000000000,sh600223,5.6477699999999995,16900,12.08,1500,12.09,12.085,,0.0,0.0
672,10:03:39.000000000,10:03:39.000000000,sh600223,7.7708,17000,12.08,1400,12.09,12.085,,0.0,0.0
673,10:03:42.000000000,10:03:42.000000000,sh600223,8.777999999999999,9800,12.08,6000,12.09,12.085,,0.0,0.0
674,10:03:45.000000000,10:03:45.000000000,sh600223,10.3364,9900,12.08,6000,12.09,12.085,,0.0,0.0
675,10:03:48.000000000,10:03:48.000000000,sh600223,12.5007,6200,12.08,10200,12.1,12.09,,0.0,0.0
676,10:03:51.000000000,10:03:51.000000000,sh600223,11.7932,9800,12.1,12000,12.12,12.11,,0.0,0.0
677,10:03:54.000000000,10:03:54.000000000,sh600223,9.36461,9900,12.1,600,12.11,12.105,,0.0,0.0
678,10:03:57.000000000,10:03:57.000000000,sh600223,9.47538,9800,12.1,600,12.11,12.105,,0.0,0.0
679,10:04:00.000000000,10:04:00.000000000,sh600223,10.0964,9900,12.1,600,12.11,12.105,,0.0,0.0
680,10:04:03.000000000,10:04:03.000000000,sh600223,9.2929,6000,12.1,500,12.11,12.105,,0.0,0.0
681,10:04:06.000000000,10:04:06.000000000,sh600223,9.49307,19700,12.1,500,12.11,12.105,,0.0,0.0
682,10:04:09.000000000,10:04:09.000000000,sh600223,10.086,14600,12.1,300,12.11,12.105,,0.0,0.0
683,10:04:12.000000000,10:04:12.000000000,sh600223,10.7158,9300,12.1,100,12.11,12.105,,0.0,0.0
684,10:04:15.000000000,10:04:15.000000000,sh600223,13.3336,7500,12.1,12000,12.12,12.11,,0.0,0.0
685,10:04:18.000000000,10:04:18.000000000,sh600223,11.6398,2800,12.1,12000,12.12,12.11,,0.0,0.0
686,10:04:21.000000000,10:04:21.000000000,sh600223,8.81296,100,12.09,23200,12.1,12.095,,0.0,0.0
687,10:04:24.000000000,10:04:24.000000000,sh600223,8.1821,8700,12.08,1400,12.09,12.085,,0.0,0.0
688,10:04:27.000000000,10:04:27.000000000,sh600223,7.110639999999999,9300,12.09,1200,12.1,12.095,,0.0,0.0
689,10:04:30.000000000,10:04:30.000000000,sh600223,7.18182,9200,12.09,1200,12.1,12.095,,0.0,0.0
690,10:04:33.000000000,10:04:33.000000000,sh600223,7.282260000000001,10200,12.09,700,12.1,12.095,,0.0,0.0
691,10:04:36.000000000,10:04:36.000000000,sh600223,6.17776,300,12.1,12000,12.12,12.11,,0.0,0.0
692,10:04:39.000000000,10:04:39.000000000,sh600223,7.53096,4600,12.1,12000,12.12,12.11,,0.0,0.0
693,10:04:42.000000000,10:04:42.000000000,sh600223,6.4881400000000005,4600,12.1,13500,12.12,12.11,,0.0,0.0
694,10:04:45.000000000,10:04:45.000000000,sh600223,6.028580000000001,3900,12.1,13500,12.12,12.11,,0.0,0.0
695,10:04:48.000000000,10:04:48.000000000,sh600223,6.08217,5400,12.1,13500,12.12,12.11,,0.0,0.0
696,10:04:51.000000000,10:04:51.000000000,sh600223,6.02841,6000,12.1,13500,12.12,12.11,,0.0,0.0
697,10:04:54.000000000,10:04:54.000000000,sh600223,4.10714,5500,12.1,13500,12.12,12.11,,0.0,0.0
698,10:04:57.000000000,10:04:57.000000000,sh600223,3.5077199999999995,5400,12.1,13500,12.12,12.11,,0.0,0.0
699,10:05:00.000000000,10:05:00.000000000,sh600223,1.27115,6500,12.12,200,12.14,12.13,,0.0,0.0
700,10:05:03.000000000,10:05:03.000000000,sh600223,0.9014620000000001,6400,12.12,2000,12.14,12.13,,0.0,0.0
701,10:05:06.000000000,10:05:06.000000000,sh600223,-1.41733,10800,12.12,2000,12.14,12.13,,0.0,0.0
702,10:05:09.000000000,10:05:09.000000000,sh600223,-1.52427,10500,12.12,2000,12.14,12.13,,0.0,0.0
703,10:05:12.000000000,10:05:12.000000000,sh600223,-1.29406,8900,12.12,2000,12.14,12.13,,0.0,0.0
704,10:05:14.000000000,10:05:14.000000000,sh600223,-0.47075500000000003,10700,12.12,1200,12.13,12.125,,0.0,0.0
705,10:05:17.000000000,10:05:17.000000000,sh600223,0.598218,9600,12.12,1200,12.13,12.125,,0.0,0.0
706,10:05:21.000000000,10:05:21.000000000,sh600223,0.524784,3600,12.12,1200,12.13,12.125,,0.0,0.0
707,10:05:23.000000000,10:05:23.000000000,sh600223,2.1497900000000003,8900,12.1,100,12.12,12.11,,0.0,0.0
708,10:05:26.000000000,10:05:26.000000000,sh600223,-1.45084,1000,12.13,1300,12.14,12.135,,0.0,0.0
709,10:05:30.000000000,10:05:30.000000000,sh600223,0.141132,8400,12.1,4700,12.13,12.115,,0.0,0.0
710,10:05:32.000000000,10:05:32.000000000,sh600223,0.329696,13200,12.1,3700,12.13,12.115,,0.0,0.0
711,10:05:35.000000000,10:05:35.000000000,sh600223,0.648329,2600,12.11,3700,12.13,12.12,,0.0,0.0
712,10:05:38.000000000,10:05:38.000000000,sh600223,0.287312,800,12.12,2700,12.13,12.125,,0.0,0.0
713,10:05:41.000000000,10:05:41.000000000,sh600223,1.1594799999999998,800,12.12,2400,12.13,12.125,,0.0,0.0
714,10:05:44.000000000,10:05:44.000000000,sh600223,1.3345200000000002,600,12.12,1200,12.13,12.125,,0.0,0.0
715,10:05:47.000000000,10:05:47.000000000,sh600223,1.82212,1900,12.12,6100,12.13,12.125,,0.0,0.0
716,10:05:51.000000000,10:05:51.000000000,sh600223,2.4323799999999998,2000,12.12,6000,12.13,12.125,,0.0,0.0
717,10:05:54.000000000,10:05:54.000000000,sh600223,3.70244,3800,12.11,6000,12.13,12.12,,0.0,0.0
718,10:05:57.000000000,10:05:57.000000000,sh600223,5.1519,3300,12.12,5000,12.13,12.125,,0.0,0.0
719,10:06:00.000000000,10:06:00.000000000,sh600223,6.5738199999999996,8200,12.12,5000,12.13,12.125,,0.0,0.0
720,10:06:03.000000000,10:06:03.000000000,sh600223,5.525980000000001,8200,12.12,3400,12.13,12.125,,0.0,0.0
721,10:06:06.000000000,10:06:06.000000000,sh600223,7.500360000000001,6300,12.12,1800,12.13,12.125,,0.0,0.0
722,10:06:09.000000000,10:06:09.000000000,sh600223,7.050660000000001,6300,12.12,1800,12.13,12.125,,0.0,0.0
723,10:06:12.000000000,10:06:12.000000000,sh600223,6.953860000000001,6000,12.12,1500,12.13,12.125,,0.0,0.0
724,10:06:18.000000000,10:06:18.000000000,sh600223,3.10051,5800,12.12,1700,12.13,12.125,,0.0,0.0
725,10:06:21.000000000,10:06:21.000000000,sh600223,1.80466,5600,12.12,2700,12.13,12.125,,0.0,0.0
726,10:06:24.000000000,10:06:24.000000000,sh600223,0.647962,4400,12.12,2900,12.13,12.125,,0.0,0.0
727,10:06:27.000000000,10:06:27.000000000,sh600223,0.943586,3200,12.12,2900,12.13,12.125,,0.0,0.0
728,10:06:30.000000000,10:06:30.000000000,sh600223,0.218423,9800,12.12,4500,12.13,12.125,,0.0,0.0
729,10:06:33.000000000,10:06:33.000000000,sh600223,-1.6627599999999998,8400,12.12,7100,12.13,12.125,,0.0,0.0
730,10:06:36.000000000,10:06:36.000000000,sh600223,-4.05616,400,12.12,8700,12.13,12.125,,0.0,0.0
731,10:06:39.000000000,10:06:39.000000000,sh600223,-3.3357300000000003,5800,12.11,3300,12.12,12.115,,0.0,0.0
732,10:06:42.000000000,10:06:42.000000000,sh600223,-5.0799,15700,12.1,10600,12.12,12.11,,0.0,0.0
733,10:06:45.000000000,10:06:45.000000000,sh600223,-5.6732,500,12.11,10600,12.12,12.115,,0.0,0.0
734,10:06:48.000000000,10:06:48.000000000,sh600223,-5.80495,15500,12.1,15000,12.11,12.105,,0.0,0.0
735,10:06:51.000000000,10:06:51.000000000,sh600223,-5.5117,15300,12.1,15000,12.11,12.105,,0.0,0.0
736,10:06:54.000000000,10:06:54.000000000,sh600223,-4.18192,15100,12.1,14700,12.11,12.105,,0.0,0.0
737,10:06:57.000000000,10:06:57.000000000,sh600223,-1.2248299999999999,15100,12.1,14700,12.11,12.105,,0.0,0.0
738,10:07:00.000000000,10:07:00.000000000,sh600223,-1.33166,15800,12.1,13000,12.11,12.105,,0.0,0.0
739,10:07:03.000000000,10:07:03.000000000,sh600223,-0.873815,16200,12.1,13100,12.11,12.105,,0.0,0.0
740,10:07:06.000000000,10:07:06.000000000,sh600223,-0.596324,12500,12.1,13100,12.11,12.105,,0.0,0.0
741,10:07:09.000000000,10:07:09.000000000,sh600223,-1.8476599999999999,11400,12.1,14200,12.11,12.105,,0.0,0.0
742,10:07:12.000000000,10:07:12.000000000,sh600223,-2.39521,2800,12.1,14200,12.11,12.105,,0.0,0.0
743,10:07:15.000000000,10:07:15.000000000,sh600223,-2.7025099999999997,1800,12.1,13600,12.11,12.105,,0.0,0.0
744,10:07:17.000000000,10:07:17.000000000,sh600223,-2.88735,1800,12.1,15600,12.11,12.105,,0.0,0.0
745,10:07:18.000000000,10:07:18.000000000,sh600223,-4.26166,1200,12.1,15600,12.11,12.105,,0.0,0.0
746,10:07:21.000000000,10:07:21.000000000,sh600223,-3.00707,16300,12.09,2000,12.1,12.095,,0.0,0.0
747,10:07:24.000000000,10:07:24.000000000,sh600223,-2.36409,16300,12.09,2000,12.1,12.095,,0.0,0.0
748,10:07:27.000000000,10:07:27.000000000,sh600223,-2.6985799999999998,16300,12.09,2700,12.1,12.095,,0.0,0.0
749,10:07:30.000000000,10:07:30.000000000,sh600223,-2.0072900000000002,31500,12.1,16700,12.11,12.105,,0.0,0.0
750,10:07:33.000000000,10:07:33.000000000,sh600223,-2.0953,30600,12.1,13600,12.11,12.105,,0.0,0.0
751,10:07:36.000000000,10:07:36.000000000,sh600223,-0.873086,31100,12.1,4000,12.11,12.105,,0.0,0.0
752,10:07:39.000000000,10:07:39.000000000,sh600223,-0.775386,4500,12.13,100,12.15,12.14,,0.0,0.0
753,10:07:42.000000000,10:07:42.000000000,sh600223,-4.42456,4400,12.13,9100,12.15,12.14,,0.0,0.0
754,10:07:45.000000000,10:07:45.000000000,sh600223,-3.58639,8300,12.13,700,12.14,12.135,,0.0,0.0
755,10:07:48.000000000,10:07:48.000000000,sh600223,-3.2032,1100,12.14,3000,12.15,12.145,,0.0,0.0
756,10:07:51.000000000,10:07:51.000000000,sh600223,-3.72338,1800,12.13,6200,12.14,12.135,,0.0,0.0
757,10:07:54.000000000,10:07:54.000000000,sh600223,-3.06069,5100,12.13,5800,12.14,12.135,,0.0,0.0
758,10:07:57.000000000,10:07:57.000000000,sh600223,-0.8342209999999999,25800,12.14,3000,12.15,12.145,,0.0,0.0
759,10:08:00.000000000,10:08:00.000000000,sh600223,-1.63296,25800,12.14,3000,12.15,12.145,,0.0,0.0
760,10:08:03.000000000,10:08:03.000000000,sh600223,-1.12154,29700,12.14,3000,12.15,12.145,,0.0,0.0
761,10:08:06.000000000,10:08:06.000000000,sh600223,0.0142563,1300,12.14,600,12.15,12.145,,0.0,0.0
762,10:08:09.000000000,10:08:09.000000000,sh600223,0.803016,700,12.13,1200,12.14,12.135,,0.0,0.0
763,10:08:12.000000000,10:08:12.000000000,sh600223,-0.941564,700,12.13,1400,12.14,12.135,,0.0,0.0
764,10:08:15.000000000,10:08:15.000000000,sh600223,0.118947,4900,12.13,1300,12.14,12.135,,0.0,0.0
765,10:08:18.000000000,10:08:18.000000000,sh600223,1.60895,4800,12.13,1000,12.14,12.135,,0.0,0.0
766,10:08:21.000000000,10:08:21.000000000,sh600223,3.5321300000000004,4900,12.13,800,12.14,12.135,,0.0,0.0
767,10:08:24.000000000,10:08:24.000000000,sh600223,4.4717,3500,12.13,800,12.14,12.135,,0.0,0.0
768,10:08:27.000000000,10:08:27.000000000,sh600223,5.30069,3500,12.13,100,12.14,12.135,,0.0,0.0
769,10:08:30.000000000,10:08:30.000000000,sh600223,3.7667,100,12.14,1700,12.15,12.145,,0.0,0.0
770,10:08:33.000000000,10:08:33.000000000,sh600223,6.868580000000001,3300,12.13,200,12.14,12.135,,0.0,0.0
771,10:08:36.000000000,10:08:36.000000000,sh600223,8.46526,3300,12.13,100,12.14,12.135,,0.0,0.0
772,10:08:39.000000000,10:08:39.000000000,sh600223,9.03232,3400,12.13,100,12.14,12.135,,0.0,0.0
773,10:08:42.000000000,10:08:42.000000000,sh600223,8.11472,3400,12.13,1700,12.15,12.14,,0.0,0.0
774,10:08:45.000000000,10:08:45.000000000,sh600223,8.026010000000001,200,12.14,1700,12.15,12.145,,0.0,0.0
775,10:08:48.000000000,10:08:48.000000000,sh600223,9.05593,3400,12.13,800,12.14,12.135,,0.0,0.0
776,10:08:51.000000000,10:08:51.000000000,sh600223,9.93465,3400,12.13,300,12.14,12.135,,0.0,0.0
777,10:08:54.000000000,10:08:54.000000000,sh600223,9.66195,3800,12.13,300,12.14,12.135,,0.0,0.0
778,10:08:57.000000000,10:08:57.000000000,sh600223,7.425210000000001,500,12.14,600,12.15,12.145,,0.0,0.0
779,10:09:01.000000000,10:09:01.000000000,sh600223,7.190460000000001,4600,12.13,1700,12.14,12.135,,0.0,0.0
780,10:09:04.000000000,10:09:04.000000000,sh600223,6.54384,4700,12.14,3300,12.15,12.145,,0.0,0.0
781,10:09:07.000000000,10:09:07.000000000,sh600223,6.624510000000001,6000,12.14,2700,12.15,12.145,,0.0,0.0
782,10:09:10.000000000,10:09:10.000000000,sh600223,7.3990100000000005,6000,12.14,2700,12.15,12.145,,0.0,0.0
783,10:09:14.000000000,10:09:14.000000000,sh600223,6.632910000000001,6000,12.14,2300,12.15,12.145,,0.0,0.0
784,10:09:18.000000000,10:09:18.000000000,sh600223,5.71124,6000,12.14,2500,12.15,12.145,,0.0,0.0
785,10:09:21.000000000,10:09:21.000000000,sh600223,6.42298,6000,12.14,3000,12.15,12.145,,0.0,0.0
786,10:09:24.000000000,10:09:24.000000000,sh600223,4.67122,5600,12.14,3700,12.15,12.145,,0.0,0.0
787,10:09:27.000000000,10:09:27.000000000,sh600223,3.59577,5600,12.14,4100,12.15,12.145,,0.0,0.0
788,10:09:30.000000000,10:09:30.000000000,sh600223,2.20914,5700,12.14,4100,12.15,12.145,,0.0,0.0
789,10:09:33.000000000,10:09:33.000000000,sh600223,3.0279599999999998,6500,12.14,5000,12.15,12.145,,0.0,0.0
790,10:09:36.000000000,10:09:36.000000000,sh600223,0.649717,5700,12.14,5000,12.15,12.145,,0.0,0.0
791,10:09:39.000000000,10:09:39.000000000,sh600223,-0.243858,5300,12.14,1600,12.15,12.145,,0.0,0.0
792,10:09:42.000000000,10:09:42.000000000,sh600223,0.11413599999999999,5000,12.14,1300,12.15,12.145,,0.0,0.0
793,10:09:45.000000000,10:09:45.000000000,sh600223,0.11841700000000001,5400,12.14,1300,12.15,12.145,,0.0,0.0
794,10:09:48.000000000,10:09:48.000000000,sh600223,-0.6104890000000001,7000,12.14,1300,12.15,12.145,,0.0,0.0
795,10:09:51.000000000,10:09:51.000000000,sh600223,0.7383930000000001,7000,12.14,1300,12.15,12.145,,0.0,0.0
796,10:09:54.000000000,10:09:54.000000000,sh600223,1.34679,7000,12.14,300,12.15,12.145,,0.0,0.0
797,10:09:57.000000000,10:09:57.000000000,sh600223,2.07658,7000,12.14,100,12.15,12.145,,0.0,0.0
798,10:10:00.000000000,10:10:00.000000000,sh600223,0.877282,2400,12.15,5100,12.16,12.155,,0.0,0.0
799,10:10:03.000000000,10:10:03.000000000,sh600223,0.845255,2300,12.15,5500,12.16,12.155,,0.0,0.0
800,10:10:06.000000000,10:10:06.000000000,sh600223,-0.326179,6000,12.14,1900,12.15,12.145,,0.0,0.0
801,10:10:09.000000000,10:10:09.000000000,sh600223,0.283485,6900,12.14,2900,12.15,12.145,,0.0,0.0
802,10:10:12.000000000,10:10:12.000000000,sh600223,-0.255623,6700,12.14,2300,12.15,12.145,,0.0,0.0
803,10:10:15.000000000,10:10:15.000000000,sh600223,-3.17844,5000,12.13,1600,12.15,12.14,,0.0,0.0
804,10:10:18.000000000,10:10:18.000000000,sh600223,-6.64407,4900,12.13,2000,12.14,12.135,,0.0,0.0
805,10:10:21.000000000,10:10:21.000000000,sh600223,-7.81,4800,12.13,2000,12.14,12.135,,0.0,0.0
806,10:10:24.000000000,10:10:24.000000000,sh600223,-8.6581,4800,12.13,2000,12.14,12.135,,0.0,0.0
807,10:10:27.000000000,10:10:27.000000000,sh600223,-7.20075,4600,12.13,2100,12.14,12.135,,0.0,0.0
808,10:10:30.000000000,10:10:30.000000000,sh600223,-7.61418,4600,12.13,2100,12.14,12.135,,0.0,0.0
809,10:10:33.000000000,10:10:33.000000000,sh600223,-7.23612,4400,12.13,2100,12.14,12.135,,0.0,0.0
810,10:10:36.000000000,10:10:36.000000000,sh600223,-5.40315,5400,12.13,2100,12.14,12.135,,0.0,0.0
811,10:10:39.000000000,10:10:39.000000000,sh600223,-5.28677,5400,12.13,1800,12.14,12.135,,0.0,0.0
812,10:10:42.000000000,10:10:42.000000000,sh600223,-6.25179,5300,12.13,1800,12.14,12.135,,0.0,0.0
813,10:10:45.000000000,10:10:45.000000000,sh600223,-3.4971900000000002,5400,12.13,1500,12.14,12.135,,0.0,0.0
814,10:10:48.000000000,10:10:48.000000000,sh600223,-2.44326,4700,12.13,1400,12.14,12.135,,0.0,0.0
815,10:10:51.000000000,10:10:51.000000000,sh600223,-1.81912,8400,12.13,1400,12.14,12.135,,0.0,0.0
816,10:10:54.000000000,10:10:54.000000000,sh600223,-3.6711400000000003,8400,12.13,1400,12.14,12.135,,0.0,0.0
817,10:10:57.000000000,10:10:57.000000000,sh600223,-4.8806,8000,12.13,1400,12.14,12.135,,0.0,0.0
818,10:11:00.000000000,10:11:00.000000000,sh600223,-2.6869099999999997,8700,12.13,1400,12.14,12.135,,0.0,0.0
819,10:11:03.000000000,10:11:03.000000000,sh600223,-3.82982,8600,12.13,1400,12.14,12.135,,0.0,0.0
820,10:11:06.000000000,10:11:06.000000000,sh600223,-2.6442099999999997,8600,12.13,1200,12.14,12.135,,0.0,0.0
821,10:11:09.000000000,10:11:09.000000000,sh600223,-1.4471,8600,12.13,1200,12.14,12.135,,0.0,0.0
822,10:11:12.000000000,10:11:12.000000000,sh600223,-1.7320900000000001,8600,12.13,1200,12.14,12.135,,0.0,0.0
823,10:11:15.000000000,10:11:15.000000000,sh600223,-2.1701799999999998,9300,12.13,1100,12.14,12.135,,0.0,0.0
824,10:11:18.000000000,10:11:18.000000000,sh600223,-3.18865,2500,12.14,8000,12.15,12.145,,0.0,0.0
825,10:11:21.000000000,10:11:21.000000000,sh600223,-3.0491900000000003,2500,12.14,8000,12.15,12.145,,0.0,0.0
826,10:11:23.000000000,10:11:23.000000000,sh600223,-2.57232,4100,12.14,8000,12.15,12.145,,0.0,0.0
827,10:11:26.000000000,10:11:26.000000000,sh600223,-1.9558900000000001,9100,12.14,8000,12.15,12.145,,0.0,0.0
828,10:11:29.000000000,10:11:29.000000000,sh600223,0.081215,4300,12.15,5300,12.16,12.155,,0.0,0.0
829,10:11:32.000000000,10:11:32.000000000,sh600223,-0.393413,2300,12.15,4500,12.16,12.155,,0.0,0.0
830,10:11:35.000000000,10:11:35.000000000,sh600223,-0.751845,2300,12.15,3500,12.16,12.155,,0.0,0.0
831,10:11:38.000000000,10:11:38.000000000,sh600223,0.0653615,700,12.15,2900,12.16,12.155,,0.0,0.0
832,10:11:41.000000000,10:11:41.000000000,sh600223,0.828116,16800,12.16,3200,12.17,12.165,,0.0,0.0
833,10:11:44.000000000,10:11:44.000000000,sh600223,2.7611,16900,12.16,1800,12.17,12.165,,0.0,0.0
834,10:11:47.000000000,10:11:47.000000000,sh600223,1.52095,10800,12.17,1800,12.18,12.175,,0.0,0.0
835,10:11:50.000000000,10:11:50.000000000,sh600223,1.41511,12200,12.17,1100,12.18,12.175,,0.0,0.0
836,10:11:53.000000000,10:11:53.000000000,sh600223,1.1673200000000001,12200,12.17,1300,12.18,12.175,,0.0,0.0
837,10:11:56.000000000,10:11:56.000000000,sh600223,1.15675,14100,12.17,1200,12.18,12.175,,0.0,0.0
838,10:11:59.000000000,10:11:59.000000000,sh600223,2.5407900000000003,14100,12.17,1200,12.18,12.175,,0.0,0.0
839,10:12:02.000000000,10:12:02.000000000,sh600223,1.45174,1600,12.18,6500,12.19,12.185,,0.0,0.0
840,10:12:05.000000000,10:12:05.000000000,sh600223,1.6591099999999999,900,12.19,98900,12.2,12.195,,0.0,0.0
841,10:12:08.000000000,10:12:08.000000000,sh600223,2.5464599999999997,3000,12.18,100,12.19,12.185,,0.0,0.0
842,10:12:11.000000000,10:12:11.000000000,sh600223,3.76537,3000,12.18,100,12.19,12.185,,0.0,0.0
843,10:12:14.000000000,10:12:14.000000000,sh600223,3.4868099999999997,4500,12.18,1600,12.19,12.185,,0.0,0.0
844,10:12:17.000000000,10:12:17.000000000,sh600223,5.3525,4500,12.18,100,12.19,12.185,,0.0,0.0
845,10:12:20.000000000,10:12:20.000000000,sh600223,5.53924,1500,12.19,99100,12.2,12.195,,0.0,0.0
846,10:12:23.000000000,10:12:23.000000000,sh600223,6.94745,3800,12.18,99100,12.2,12.19,,0.0,0.0
847,10:12:26.000000000,10:12:26.000000000,sh600223,6.9276800000000005,3600,12.18,99100,12.2,12.19,,0.0,0.0
848,10:12:29.000000000,10:12:29.000000000,sh600223,7.122610000000001,1100,12.17,1000,12.18,12.175,,0.0,0.0
849,10:12:32.000000000,10:12:32.000000000,sh600223,6.47106,1100,12.17,3000,12.18,12.175,,0.0,0.0
850,10:12:36.000000000,10:12:36.000000000,sh600223,6.10217,1100,12.17,2300,12.18,12.175,,0.0,0.0
851,10:12:39.000000000,10:12:39.000000000,sh600223,8.1067,1600,12.17,2300,12.18,12.175,,0.0,0.0
852,10:12:42.000000000,10:12:42.000000000,sh600223,7.93765,1600,12.17,2300,12.18,12.175,,0.0,0.0
853,10:12:45.000000000,10:12:45.000000000,sh600223,5.66498,700,12.18,4500,12.19,12.185,,0.0,0.0
854,10:12:48.000000000,10:12:48.000000000,sh600223,6.05546,700,12.18,4800,12.19,12.185,,0.0,0.0
855,10:12:51.000000000,10:12:51.000000000,sh600223,6.54672,1600,12.17,4100,12.18,12.175,,0.0,0.0
856,10:12:54.000000000,10:12:54.000000000,sh600223,6.31324,16700,12.16,8100,12.17,12.165,,0.0,0.0
857,10:12:57.000000000,10:12:57.000000000,sh600223,5.36765,16700,12.16,8000,12.17,12.165,,0.0,0.0
858,10:13:00.000000000,10:13:00.000000000,sh600223,4.35237,16700,12.16,8000,12.17,12.165,,0.0,0.0
859,10:13:03.000000000,10:13:03.000000000,sh600223,2.97919,17000,12.16,8500,12.17,12.165,,0.0,0.0
860,10:13:06.000000000,10:13:06.000000000,sh600223,1.34915,15800,12.16,6700,12.17,12.165,,0.0,0.0
861,10:13:09.000000000,10:13:09.000000000,sh600223,-2.69165,15700,12.16,6600,12.17,12.165,,0.0,0.0
862,10:13:12.000000000,10:13:12.000000000,sh600223,-5.5019800000000005,16000,12.16,6600,12.17,12.165,,0.0,0.0
863,10:13:15.000000000,10:13:15.000000000,sh600223,-6.88317,16000,12.16,6600,12.17,12.165,,0.0,0.0
864,10:13:18.000000000,10:13:18.000000000,sh600223,-7.176639999999999,16000,12.16,6600,12.17,12.165,,0.0,0.0
865,10:13:21.000000000,10:13:21.000000000,sh600223,-7.12908,16000,12.16,6600,12.17,12.165,,0.0,0.0
866,10:13:24.000000000,10:13:24.000000000,sh600223,-8.494769999999999,16000,12.16,6600,12.17,12.165,,0.0,0.0
867,10:13:25.000000000,10:13:25.000000000,sh600223,-8.2278,16000,12.16,6400,12.17,12.165,,0.0,0.0
868,10:13:29.000000000,10:13:29.000000000,sh600223,-6.39864,19400,12.16,4600,12.17,12.165,,0.0,0.0
869,10:13:32.000000000,10:13:32.000000000,sh600223,-6.8988,21600,12.16,2200,12.18,12.17,,0.0,0.0
870,10:13:36.000000000,10:13:36.000000000,sh600223,-6.72899,800,12.17,2200,12.18,12.175,,0.0,0.0
871,10:13:39.000000000,10:13:39.000000000,sh600223,-6.4115,1100,12.17,6200,12.18,12.175,,0.0,0.0
872,10:13:42.000000000,10:13:42.000000000,sh600223,-5.431109999999999,200,12.15,70800,12.16,12.155,,0.0,0.0
873,10:13:45.000000000,10:13:45.000000000,sh600223,-3.3989800000000003,3100,12.14,56000,12.16,12.15,,0.0,0.0
874,10:13:48.000000000,10:13:48.000000000,sh600223,-1.48938,4400,12.17,6200,12.18,12.175,,0.0,0.0
875,10:13:51.000000000,10:13:51.000000000,sh600223,-0.205114,1300,12.19,4100,12.2,12.195,,0.0,0.0
876,10:13:54.000000000,10:13:54.000000000,sh600223,0.538582,3000,12.19,500,12.2,12.195,,0.0,0.0
877,10:13:57.000000000,10:13:57.000000000,sh600223,-0.48476800000000003,100,12.2,2000,12.21,12.205,,0.0,0.0
878,10:14:00.000000000,10:14:00.000000000,sh600223,1.4088399999999999,2400,12.19,900,12.2,12.195,,0.0,0.0
879,10:14:03.000000000,10:14:03.000000000,sh600223,1.24391,2700,12.19,900,12.2,12.195,,0.0,0.0
880,10:14:06.000000000,10:14:06.000000000,sh600223,1.08635,2700,12.19,900,12.2,12.195,,0.0,0.0
881,10:14:09.000000000,10:14:09.000000000,sh600223,0.6751189999999999,13500,12.18,400,12.19,12.185,,0.0,0.0
882,10:14:12.000000000,10:14:12.000000000,sh600223,1.12634,13500,12.18,400,12.19,12.185,,0.0,0.0
883,10:14:15.000000000,10:14:15.000000000,sh600223,1.82135,13500,12.18,500,12.19,12.185,,0.0,0.0
884,10:14:18.000000000,10:14:18.000000000,sh600223,3.40625,13500,12.18,400,12.19,12.185,,0.0,0.0
885,10:14:21.000000000,10:14:21.000000000,sh600223,3.3570900000000004,13500,12.18,400,12.19,12.185,,0.0,0.0
886,10:14:24.000000000,10:14:24.000000000,sh600223,4.34785,13400,12.18,400,12.19,12.185,,0.0,0.0
887,10:14:27.000000000,10:14:27.000000000,sh600223,3.56165,100,12.19,1200,12.2,12.195,,0.0,0.0
888,10:14:30.000000000,10:14:30.000000000,sh600223,4.46413,13400,12.18,300,12.19,12.185,,0.0,0.0
889,10:14:33.000000000,10:14:33.000000000,sh600223,4.36137,13600,12.18,200,12.19,12.185,,0.0,0.0
890,10:14:36.000000000,10:14:36.000000000,sh600223,3.04847,13600,12.18,400,12.2,12.19,,0.0,0.0
891,10:14:39.000000000,10:14:39.000000000,sh600223,3.6736800000000005,13600,12.18,100,12.19,12.185,,0.0,0.0
892,10:14:42.000000000,10:14:42.000000000,sh600223,2.04144,2800,12.19,400,12.2,12.195,,0.0,0.0
893,10:14:45.000000000,10:14:45.000000000,sh600223,0.91958,2900,12.19,700,12.2,12.195,,0.0,0.0
894,10:14:48.000000000,10:14:48.000000000,sh600223,-0.30806100000000003,2900,12.19,100,12.2,12.195,,0.0,0.0
895,10:14:51.000000000,10:14:51.000000000,sh600223,-1.7563400000000002,13600,12.18,4400,12.19,12.185,,0.0,0.0
896,10:14:54.000000000,10:14:54.000000000,sh600223,-0.988456,13600,12.18,4600,12.19,12.185,,0.0,0.0
897,10:14:57.000000000,10:14:57.000000000,sh600223,-1.56149,13600,12.18,4600,12.19,12.185,,0.0,0.0
898,10:15:00.000000000,10:15:00.000000000,sh600223,-0.28430500000000003,13600,12.18,4300,12.19,12.185,,0.0,0.0
899,10:15:03.000000000,10:15:03.000000000,sh600223,1.1722299999999999,13500,12.18,4300,12.19,12.185,,0.0,0.0
900,10:15:06.000000000,10:15:06.000000000,sh600223,-0.119379,13500,12.18,4300,12.19,12.185,,0.0,0.0
901,10:15:09.000000000,10:15:09.000000000,sh600223,-0.931132,9700,12.18,4100,12.19,12.185,,0.0,0.0
902,10:15:12.000000000,10:15:12.000000000,sh600223,-0.440067,5500,12.18,4400,12.19,12.185,,0.0,0.0
903,10:15:15.000000000,10:15:15.000000000,sh600223,-0.37901799999999997,5900,12.18,2400,12.19,12.185,,0.0,0.0
904,10:15:18.000000000,10:15:18.000000000,sh600223,-1.4123299999999999,6000,12.18,2500,12.19,12.185,,0.0,0.0
905,10:15:21.000000000,10:15:21.000000000,sh600223,-2.62167,6300,12.18,2500,12.19,12.185,,0.0,0.0
906,10:15:24.000000000,10:15:24.000000000,sh600223,-4.87183,6800,12.18,2500,12.19,12.185,,0.0,0.0
907,10:15:27.000000000,10:15:27.000000000,sh600223,-5.19222,5800,12.18,2500,12.19,12.185,,0.0,0.0
908,10:15:30.000000000,10:15:30.000000000,sh600223,-4.8282099999999994,5200,12.18,2500,12.19,12.185,,0.0,0.0
909,10:15:33.000000000,10:15:33.000000000,sh600223,-4.85141,4900,12.18,3400,12.19,12.185,,0.0,0.0
910,10:15:36.000000000,10:15:36.000000000,sh600223,-3.4089199999999997,4900,12.18,3400,12.19,12.185,,0.0,0.0
911,10:15:39.000000000,10:15:39.000000000,sh600223,-5.2584599999999995,4000,12.18,3400,12.19,12.185,,0.0,0.0
912,10:15:42.000000000,10:15:42.000000000,sh600223,-6.13275,1500,12.18,3400,12.19,12.185,,0.0,0.0
913,10:15:45.000000000,10:15:45.000000000,sh600223,-6.7837,2800,12.17,200,12.18,12.175,,0.0,0.0
914,10:15:48.000000000,10:15:48.000000000,sh600223,-6.40055,2800,12.17,400,12.18,12.175,,0.0,0.0
915,10:15:53.000000000,10:15:53.000000000,sh600223,-4.71708,3000,12.17,400,12.18,12.175,,0.0,0.0
916,10:15:56.000000000,10:15:56.000000000,sh600223,-4.11981,3000,12.17,400,12.18,12.175,,0.0,0.0
917,10:15:59.000000000,10:15:59.000000000,sh600223,-4.081980000000001,3000,12.17,200,12.18,12.175,,0.0,0.0
918,10:16:02.000000000,10:16:02.000000000,sh600223,-3.9454800000000003,1700,12.17,200,12.18,12.175,,0.0,0.0
919,10:16:05.000000000,10:16:05.000000000,sh600223,-4.52301,100,12.18,2400,12.19,12.185,,0.0,0.0
920,10:16:08.000000000,10:16:08.000000000,sh600223,-0.603212,1700,12.17,400,12.18,12.175,,0.0,0.0
921,10:16:11.000000000,10:16:11.000000000,sh600223,-0.727394,1700,12.17,3000,12.18,12.175,,0.0,0.0
922,10:16:14.000000000,10:16:14.000000000,sh600223,-0.932116,1700,12.17,3000,12.18,12.175,,0.0,0.0
923,10:16:17.000000000,10:16:17.000000000,sh600223,-1.25368,2300,12.17,2400,12.19,12.18,,0.0,0.0
924,10:16:20.000000000,10:16:20.000000000,sh600223,-0.23620700000000003,3300,12.17,2400,12.19,12.18,,0.0,0.0
925,10:16:23.000000000,10:16:23.000000000,sh600223,-0.404304,300,12.17,2200,12.19,12.18,,0.0,0.0
926,10:16:26.000000000,10:16:26.000000000,sh600223,-0.347234,300,12.17,2200,12.19,12.18,,0.0,0.0
927,10:16:28.000000000,10:16:28.000000000,sh600223,-0.22801100000000002,300,12.17,1400,12.19,12.18,,0.0,0.0
928,10:16:31.000000000,10:16:31.000000000,sh600223,1.6514799999999998,1100,12.17,1300,12.19,12.18,,0.0,0.0
929,10:16:34.000000000,10:16:34.000000000,sh600223,2.03214,1500,12.17,1300,12.19,12.18,,0.0,0.0
930,10:16:37.000000000,10:16:37.000000000,sh600223,3.9078699999999995,1500,12.17,900,12.18,12.175,,0.0,0.0
931,10:16:40.000000000,10:16:40.000000000,sh600223,4.57835,2500,12.17,1300,12.19,12.18,,0.0,0.0
932,10:16:45.000000000,10:16:45.000000000,sh600223,3.8430699999999995,300,12.18,1300,12.19,12.185,,0.0,0.0
933,10:16:48.000000000,10:16:48.000000000,sh600223,4.791180000000001,1100,12.18,1300,12.19,12.185,,0.0,0.0
934,10:16:51.000000000,10:16:51.000000000,sh600223,4.85405,1100,12.18,1300,12.19,12.185,,0.0,0.0
935,10:16:54.000000000,10:16:54.000000000,sh600223,5.411919999999999,1500,12.18,1300,12.19,12.185,,0.0,0.0
936,10:16:57.000000000,10:16:57.000000000,sh600223,5.99817,2600,12.17,9000,12.18,12.175,,0.0,0.0
937,10:17:00.000000000,10:17:00.000000000,sh600223,5.92127,2600,12.17,8400,12.18,12.175,,0.0,0.0
938,10:17:03.000000000,10:17:03.000000000,sh600223,4.9256,2600,12.17,8200,12.18,12.175,,0.0,0.0
939,10:17:06.000000000,10:17:06.000000000,sh600223,5.33467,2700,12.17,8500,12.18,12.175,,0.0,0.0
940,10:17:10.000000000,10:17:10.000000000,sh600223,5.44192,2400,12.17,8500,12.18,12.175,,0.0,0.0
941,10:17:13.000000000,10:17:13.000000000,sh600223,6.121090000000001,2100,12.17,8500,12.18,12.175,,0.0,0.0
942,10:17:17.000000000,10:17:17.000000000,sh600223,6.16102,2100,12.17,8500,12.18,12.175,,0.0,0.0
943,10:17:20.000000000,10:17:20.000000000,sh600223,4.62938,600,12.17,8500,12.18,12.175,,0.0,0.0
944,10:17:23.000000000,10:17:23.000000000,sh600223,4.2963,2300,12.17,8500,12.18,12.175,,0.0,0.0
945,10:17:26.000000000,10:17:26.000000000,sh600223,3.2029900000000002,2300,12.17,8700,12.18,12.175,,0.0,0.0
946,10:17:28.000000000,10:17:28.000000000,sh600223,3.55899,2300,12.17,8700,12.18,12.175,,0.0,0.0
947,10:17:32.000000000,10:17:32.000000000,sh600223,4.240819999999999,2300,12.17,8700,12.18,12.175,,0.0,0.0
948,10:17:35.000000000,10:17:35.000000000,sh600223,3.4545,2300,12.17,8800,12.18,12.175,,0.0,0.0
949,10:17:38.000000000,10:17:38.000000000,sh600223,4.12361,7800,12.16,700,12.17,12.165,,0.0,0.0
950,10:17:41.000000000,10:17:41.000000000,sh600223,2.74265,2800,12.17,8600,12.18,12.175,,0.0,0.0
951,10:17:45.000000000,10:17:45.000000000,sh600223,3.64224,3500,12.17,9100,12.18,12.175,,0.0,0.0
952,10:17:49.000000000,10:17:49.000000000,sh600223,3.04091,1000,12.17,9100,12.18,12.175,,0.0,0.0
953,10:17:52.000000000,10:17:52.000000000,sh600223,4.0452699999999995,7800,12.16,4400,12.17,12.165,,0.0,0.0
954,10:17:55.000000000,10:17:55.000000000,sh600223,6.53143,8100,12.16,3000,12.17,12.165,,0.0,0.0
955,10:17:57.000000000,10:17:57.000000000,sh600223,7.84811,12100,12.16,1400,12.17,12.165,,0.0,0.0
956,10:18:00.000000000,10:18:00.000000000,sh600223,8.697610000000001,6200,12.17,9100,12.18,12.175,,0.0,0.0
957,10:18:03.000000000,10:18:03.000000000,sh600223,7.557010000000001,6800,12.18,1300,12.19,12.185,,0.0,0.0
958,10:18:06.000000000,10:18:06.000000000,sh600223,6.92623,6800,12.18,500,12.19,12.185,,0.0,0.0
959,10:18:09.000000000,10:18:09.000000000,sh600223,6.657210000000001,1300,12.19,11700,12.2,12.195,,0.0,0.0
960,10:18:12.000000000,10:18:12.000000000,sh600223,7.22469,1400,12.19,7600,12.2,12.195,,0.0,0.0
961,10:18:15.000000000,10:18:15.000000000,sh600223,8.39638,1700,12.19,7500,12.2,12.195,,0.0,0.0
962,10:18:18.000000000,10:18:18.000000000,sh600223,7.50497,1700,12.19,100,12.2,12.195,,0.0,0.0
963,10:18:21.000000000,10:18:21.000000000,sh600223,6.377999999999999,1700,12.19,4300,12.2,12.195,,0.0,0.0
964,10:18:24.000000000,10:18:24.000000000,sh600223,6.42702,1700,12.19,4000,12.2,12.195,,0.0,0.0
965,10:18:27.000000000,10:18:27.000000000,sh600223,5.32355,1700,12.19,3900,12.2,12.195,,0.0,0.0
966,10:18:30.000000000,10:18:30.000000000,sh600223,5.09123,1700,12.19,3900,12.2,12.195,,0.0,0.0
967,10:18:33.000000000,10:18:33.000000000,sh600223,3.04177,1700,12.19,7000,12.2,12.195,,0.0,0.0
968,10:18:39.000000000,10:18:39.000000000,sh600223,1.44213,1700,12.19,7000,12.2,12.195,,0.0,0.0
969,10:18:42.000000000,10:18:42.000000000,sh600223,3.12892,3900,12.19,7000,12.2,12.195,,0.0,0.0
970,10:18:45.000000000,10:18:45.000000000,sh600223,2.91866,3900,12.19,7000,12.2,12.195,,0.0,0.0
971,10:18:48.000000000,10:18:48.000000000,sh600223,2.47674,3900,12.19,7000,12.2,12.195,,0.0,0.0
972,10:18:51.000000000,10:18:51.000000000,sh600223,3.0165599999999997,3900,12.19,6800,12.2,12.195,,0.0,0.0
973,10:18:54.000000000,10:18:54.000000000,sh600223,3.3914699999999995,3900,12.19,4100,12.2,12.195,,0.0,0.0
974,10:18:57.000000000,10:18:57.000000000,sh600223,1.68523,2900,12.19,4100,12.2,12.195,,0.0,0.0
975,10:19:00.000000000,10:19:00.000000000,sh600223,2.05682,3600,12.19,3100,12.2,12.195,,0.0,0.0
976,10:19:03.000000000,10:19:03.000000000,sh600223,1.30539,3600,12.19,3400,12.2,12.195,,0.0,0.0
977,10:19:06.000000000,10:19:06.000000000,sh600223,2.22569,3800,12.19,3200,12.2,12.195,,0.0,0.0
978,10:19:09.000000000,10:19:09.000000000,sh600223,2.08545,3800,12.19,2600,12.2,12.195,,0.0,0.0
979,10:19:12.000000000,10:19:12.000000000,sh600223,0.822134,4200,12.19,4500,12.2,12.195,,0.0,0.0
980,10:19:15.000000000,10:19:15.000000000,sh600223,1.18204,4900,12.19,4300,12.2,12.195,,0.0,0.0
981,10:19:18.000000000,10:19:18.000000000,sh600223,1.05962,4900,12.19,4300,12.2,12.195,,0.0,0.0
982,10:19:21.000000000,10:19:21.000000000,sh600223,1.7160900000000001,3100,12.2,2000,12.21,12.205,,0.0,0.0
983,10:19:24.000000000,10:19:24.000000000,sh600223,1.7459900000000002,3100,12.2,1600,12.21,12.205,,0.0,0.0
984,10:19:27.000000000,10:19:27.000000000,sh600223,1.6056700000000002,2600,12.2,1600,12.21,12.205,,0.0,0.0
985,10:19:30.000000000,10:19:30.000000000,sh600223,0.620212,3800,12.2,600,12.21,12.205,,0.0,0.0
986,10:19:33.000000000,10:19:33.000000000,sh600223,1.30003,7500,12.2,500,12.21,12.205,,0.0,0.0
987,10:19:36.000000000,10:19:36.000000000,sh600223,-1.13287,5500,12.2,500,12.21,12.205,,0.0,0.0
988,10:19:39.000000000,10:19:39.000000000,sh600223,-2.43593,5500,12.2,500,12.21,12.205,,0.0,0.0
989,10:19:42.000000000,10:19:42.000000000,sh600223,-1.77725,5500,12.2,800,12.21,12.205,,0.0,0.0
990,10:19:45.000000000,10:19:45.000000000,sh600223,-1.6266,5500,12.2,700,12.21,12.205,,0.0,0.0
991,10:19:48.000000000,10:19:48.000000000,sh600223,-1.7154,3700,12.19,4600,12.2,12.195,,0.0,0.0
992,10:19:51.000000000,10:19:51.000000000,sh600223,-1.4264299999999999,3700,12.19,4600,12.2,12.195,,0.0,0.0
993,10:19:54.000000000,10:19:54.000000000,sh600223,-1.66698,3700,12.19,400,12.2,12.195,,0.0,0.0
994,10:19:57.000000000,10:19:57.000000000,sh600223,-2.6161,1500,12.2,600,12.21,12.205,,0.0,0.0
995,10:20:00.000000000,10:20:00.000000000,sh600223,-2.69293,1900,12.2,600,12.21,12.205,,0.0,0.0
996,10:20:03.000000000,10:20:03.000000000,sh600223,-2.1468599999999998,3900,12.2,800,12.22,12.21,,0.0,0.0
997,10:20:07.000000000,10:20:07.000000000,sh600223,-2.07044,4000,12.2,3600,12.21,12.205,,0.0,0.0
998,10:20:09.000000000,10:20:09.000000000,sh600223,-1.8970599999999997,5000,12.2,3500,12.21,12.205,,0.0,0.0
