,localtime,time,symbol,signal,bvol1,bid1,avol1,ask1,mid,direction,volume,exposure
0,09:29:59.999395593,09:30:00.000000000,sh600163,-5.52503,71226,8.0,20700,8.01,8.005,,0.0,0.0
1,09:30:03.070869627,09:30:02.000000000,sh600163,35.4947,172000,8.02,1500,8.04,8.03,,0.0,0.0
2,09:30:06.082116700,09:30:05.000000000,sh600163,38.4364,30600,8.02,1100,8.08,8.05,,0.0,0.0
3,09:30:09.115925641,09:30:08.000000000,sh600163,29.3034,15300,8.02,1000,8.05,8.035,,0.0,0.0
4,09:30:11.671584540,09:30:11.000000000,sh600163,-39.3394,457100,8.01,2900,8.02,8.015,,0.0,0.0
5,09:30:14.679403728,09:30:14.000000000,sh600163,-116.26299999999999,5000,8.06,38000,8.08,8.07,,0.0,0.0
6,09:30:17.677180043,09:30:17.000000000,sh600163,-123.51100000000001,69500,8.05,9100,8.06,8.055,,0.0,0.0
7,09:30:20.674645050,09:30:20.000000000,sh600163,-140.89700000000002,55000,8.06,54800,8.08,8.07,,0.0,0.0
8,09:30:23.668777747,09:30:23.000000000,sh600163,-128.20600000000002,112700,8.06,7100,8.08,8.07,,0.0,0.0
9,09:30:26.672796014,09:30:26.000000000,sh600163,-143.025,3200,8.08,84674,8.1,8.09,,0.0,0.0
10,09:30:29.665701330,09:30:29.000000000,sh600163,-146.498,8600,8.08,63000,8.09,8.085,,0.0,0.0
11,09:30:32.683876100,09:30:32.000000000,sh600163,-145.763,18400,8.09,46574,8.1,8.095,,0.0,0.0
12,09:30:35.677899245,09:30:35.000000000,sh600163,-152.809,1200,8.11,39000,8.15,8.13,,0.0,0.0
13,09:30:38.662848208,09:30:38.000000000,sh600163,-127.39200000000001,36326,8.09,2500,8.1,8.095,,0.0,0.0
14,09:30:41.674286704,09:30:41.000000000,sh600163,-118.258,17226,8.08,48800,8.09,8.085,,0.0,0.0
15,09:30:44.672974620,09:30:44.000000000,sh600163,-136.139,626,8.1,300,8.11,8.105,,0.0,0.0
16,09:30:47.671752420,09:30:47.000000000,sh600163,-123.821,31326,8.1,12400,8.13,8.115,,0.0,0.0
17,09:30:50.671327963,09:30:50.000000000,sh600163,-121.811,62526,8.1,37100,8.12,8.11,,0.0,0.0
18,09:30:53.680383834,09:30:53.000000000,sh600163,-153.576,339900,8.2,9100,8.21,8.205,,0.0,0.0
19,09:30:56.667981517,09:30:56.000000000,sh600163,-153.546,7500,8.15,7200,8.21,8.18,,0.0,0.0
20,09:30:59.665856320,09:30:59.000000000,sh600163,-157.034,24200,8.21,500,8.22,8.215,,0.0,0.0
21,09:31:02.673256832,09:31:02.000000000,sh600163,-161.007,14300,8.18,35100,8.21,8.195,,0.0,0.0
22,09:31:05.667303907,09:31:05.000000000,sh600163,-139.44,6600,8.18,1000,8.19,8.185,,0.0,0.0
23,09:31:08.673883805,09:31:08.000000000,sh600163,-167.546,4800,8.25,21800,8.26,8.255,,0.0,0.0
24,09:31:11.675771544,09:31:11.000000000,sh600163,-157.079,3800,8.21,54100,8.25,8.23,,0.0,0.0
25,09:31:14.666068989,09:31:14.000000000,sh600163,-156.214,3600,8.22,100,8.24,8.23,,0.0,0.0
26,09:31:17.669118638,09:31:17.000000000,sh600163,-139.638,24400,8.15,107500,8.2,8.175,,0.0,0.0
27,09:31:20.679777698,09:31:20.000000000,sh600163,-123.37200000000001,6000,8.16,19700,8.2,8.18,,0.0,0.0
28,09:31:23.666838631,09:31:23.000000000,sh600163,-126.395,76600,8.2,26400,8.21,8.205,,0.0,0.0
29,09:31:26.686526836,09:31:26.000000000,sh600163,-105.911,14600,8.15,600,8.19,8.17,,0.0,0.0
30,09:31:29.669920450,09:31:29.000000000,sh600163,-77.7741,25500,8.15,1800,8.16,8.155,,0.0,0.0
31,09:31:32.677918405,09:31:32.000000000,sh600163,-80.9359,100,8.16,1000,8.18,8.17,,0.0,0.0
32,09:31:35.678546025,09:31:35.000000000,sh600163,-50.9512,2000,8.15,200,8.16,8.155,,0.0,0.0
33,09:31:38.677109213,09:31:38.000000000,sh600163,-52.2736,26100,8.15,22100,8.16,8.155,,0.0,0.0
34,09:31:41.677719525,09:31:41.000000000,sh600163,-49.6227,60000,8.16,9700,8.19,8.175,,0.0,0.0
35,09:31:44.674828963,09:31:44.000000000,sh600163,-35.066,41200,8.16,1000,8.2,8.18,,0.0,0.0
36,09:31:47.674683747,09:31:47.000000000,sh600163,-36.9117,61800,8.2,10500,8.22,8.21,,0.0,0.0
37,09:31:50.666498599,09:31:50.000000000,sh600163,-27.1349,35400,8.2,1000,8.22,8.21,,0.0,0.0
38,09:31:53.670345873,09:31:53.000000000,sh600163,-29.9667,35600,8.16,68800,8.2,8.18,,0.0,0.0
39,09:31:56.673867647,09:31:56.000000000,sh600163,-19.7891,18900,8.2,500,8.21,8.205,,0.0,0.0
40,09:31:59.672721667,09:31:59.000000000,sh600163,-9.40496,85000,8.18,4700,8.19,8.185,,0.0,0.0
41,09:32:02.671593457,09:32:02.000000000,sh600163,-7.358639999999999,75000,8.18,4300,8.2,8.19,,0.0,0.0
42,09:32:05.670671261,09:32:05.000000000,sh600163,-1.8382900000000002,4300,8.19,100,8.2,8.195,,0.0,0.0
43,09:32:08.675777451,09:32:08.000000000,sh600163,-15.5226,300,8.19,35400,8.2,8.195,,0.0,0.0
44,09:32:11.675697178,09:32:11.000000000,sh600163,-11.0761,7000,8.22,15300,8.24,8.23,,0.0,0.0
45,09:32:14.685278461,09:32:14.000000000,sh600163,0.07513330000000001,2600,8.22,9000,8.24,8.23,,0.0,0.0
46,09:32:17.669322877,09:32:17.000000000,sh600163,-2.31798,5200,8.24,239600,8.25,8.245,,0.0,0.0
47,09:32:20.665190841,09:32:20.000000000,sh600163,9.7824,5300,8.24,182900,8.25,8.245,,0.0,0.0
48,09:32:23.664660188,09:32:23.000000000,sh600163,4.54168,1200,8.25,53500,8.26,8.255,,0.0,0.0
49,09:32:26.673609380,09:32:26.000000000,sh600163,17.5493,67200,8.25,55700,8.27,8.26,,0.0,0.0
50,09:32:29.680815855,09:32:29.000000000,sh600163,12.6595,7100,8.25,15500,8.26,8.255,,0.0,0.0
51,09:32:32.681142151,09:32:32.000000000,sh600163,8.7969,10500,8.25,18816,8.27,8.26,,0.0,0.0
52,09:32:35.670285963,09:32:35.000000000,sh600163,36.6463,48000,8.24,500,8.25,8.245,,0.0,0.0
53,09:32:38.664297796,09:32:38.000000000,sh600163,-5.80874,29500,8.28,316716,8.3,8.29,,0.0,0.0
54,09:32:41.678300571,09:32:41.000000000,sh600163,2.8370900000000003,1100,8.24,1000,8.26,8.25,,0.0,0.0
55,09:32:44.665063779,09:32:44.000000000,sh600163,-15.2088,800,8.25,88600,8.27,8.26,,0.0,0.0
56,09:32:47.664777244,09:32:47.000000000,sh600163,-4.663,3400,8.27,2000,8.29,8.28,,0.0,0.0
57,09:32:50.676521551,09:32:50.000000000,sh600163,4.03,1200,8.28,52200,8.29,8.285,,0.0,0.0
58,09:32:53.679144323,09:32:53.000000000,sh600163,8.86116,36100,8.27,9400,8.28,8.275,,0.0,0.0
59,09:32:56.667577067,09:32:56.000000000,sh600163,7.33047,86500,8.26,3500,8.27,8.265,,0.0,0.0
60,09:32:59.677739438,09:32:59.000000000,sh600163,-7.13625,2300,8.28,14100,8.29,8.285,,0.0,0.0
61,09:33:02.674155814,09:33:02.000000000,sh600163,5.508780000000001,4800,8.28,4000,8.29,8.285,,0.0,0.0
62,09:33:05.671796948,09:33:05.000000000,sh600163,15.0789,49800,8.28,200,8.29,8.285,,0.0,0.0
63,09:33:08.667096788,09:33:08.000000000,sh600163,-2.2814799999999997,2600,8.28,47500,8.29,8.285,,0.0,0.0
64,09:33:11.673217048,09:33:11.000000000,sh600163,6.28483,40100,8.28,13400,8.29,8.285,,0.0,0.0
65,09:33:14.667924559,09:33:14.000000000,sh600163,7.1704,188500,8.27,21000,8.28,8.275,,0.0,0.0
66,09:33:17.668082132,09:33:17.000000000,sh600163,12.4749,157400,8.27,1000,8.28,8.275,,0.0,0.0
67,09:33:20.677751968,09:33:20.000000000,sh600163,4.76131,29284,8.29,5100,8.3,8.295,,0.0,0.0
68,09:33:23.668773242,09:33:23.000000000,sh600163,13.9705,42500,8.28,6900,8.29,8.285,,0.0,0.0
69,09:33:26.670822758,09:33:26.000000000,sh600163,-4.597090000000001,40400,8.31,49400,8.32,8.315,,0.0,0.0
70,09:33:29.673199329,09:33:29.000000000,sh600163,-2.92897,42100,8.3,55900,8.33,8.315,,0.0,0.0
71,09:33:32.670337778,09:33:32.000000000,sh600163,-9.97288,300,8.3,40100,8.31,8.305,,0.0,0.0
72,09:33:35.676426733,09:33:35.000000000,sh600163,-12.6853,1300,8.31,32400,8.32,8.315,,0.0,0.0
73,09:33:38.667609455,09:33:38.000000000,sh600163,12.4427,165000,8.27,2400,8.29,8.28,,0.0,0.0
74,09:33:41.666190050,09:33:41.000000000,sh600163,-2.85759,96700,8.27,35500,8.3,8.285,,0.0,0.0
75,09:33:44.678301858,09:33:44.000000000,sh600163,-16.1314,1100,8.28,14500,8.29,8.285,,0.0,0.0
76,09:33:47.669571460,09:33:47.000000000,sh600163,-10.6242,1000,8.28,5900,8.29,8.285,,0.0,0.0
77,09:33:50.679602043,09:33:50.000000000,sh600163,-5.7121699999999995,15800,8.27,4100,8.29,8.28,,0.0,0.0
78,09:33:53.672881840,09:33:53.000000000,sh600163,-24.4581,100,8.29,51000,8.3,8.295,,0.0,0.0
79,09:33:56.680398301,09:33:56.000000000,sh600163,-7.75328,61200,8.26,7600,8.27,8.265,,0.0,0.0
80,09:33:59.670700304,09:33:59.000000000,sh600163,-13.5634,54000,8.26,29900,8.27,8.265,,0.0,0.0
81,09:34:02.663801877,09:34:02.000000000,sh600163,-25.6076,8800,8.26,74600,8.27,8.265,2.0,500.0,-500.0
82,09:34:05.667746295,09:34:05.000000000,sh600163,-35.4078,14000,8.25,54500,8.26,8.255,2.0,500.0,-1000.0
83,09:34:08.671210794,09:34:08.000000000,sh600163,-32.8634,3400,8.25,41300,8.26,8.255,2.0,500.0,-1500.0
84,09:34:11.671279144,09:34:11.000000000,sh600163,-34.1375,100,8.25,51100,8.26,8.255,2.0,100.0,-1600.0
85,09:34:14.669729302,09:34:14.000000000,sh600163,-12.8663,86700,8.25,4200,8.26,8.255,,0.0,-1600.0
86,09:34:17.669313054,09:34:17.000000000,sh600163,-13.7031,42500,8.2,4300,8.23,8.215,,0.0,-1600.0
87,09:34:20.676231880,09:34:20.000000000,sh600163,-18.2061,8300,8.2,7800,8.23,8.215,,0.0,-1600.0
88,09:34:23.667394580,09:34:23.000000000,sh600163,-11.0891,8000,8.2,12500,8.22,8.21,,0.0,-1600.0
89,09:34:26.666245944,09:34:26.000000000,sh600163,-7.095219999999999,6300,8.22,5000,8.23,8.225,,0.0,-1600.0
90,09:34:29.664096186,09:34:29.000000000,sh600163,-4.45515,200,8.2,5700,8.24,8.22,,0.0,-1600.0
91,09:34:32.664206204,09:34:32.000000000,sh600163,-3.2652200000000002,26100,8.23,17600,8.24,8.235,,0.0,-1600.0
92,09:34:35.678668783,09:34:35.000000000,sh600163,11.1069,1000,8.2,5900,8.21,8.205,,0.0,-1600.0
93,09:34:38.669167646,09:34:38.000000000,sh600163,26.3349,28500,8.19,800,8.21,8.2,1.0,800.0,-800.0
94,09:34:41.675447557,09:34:41.000000000,sh600163,13.0629,1500,8.21,2100,8.22,8.215,,0.0,-800.0
95,09:34:44.666776145,09:34:44.000000000,sh600163,22.0739,1200,8.2,11300,8.21,8.205,1.0,1300.0,500.0
96,09:34:47.666069956,09:34:47.000000000,sh600163,31.4197,26300,8.2,3400,8.21,8.205,1.0,0.0,500.0
97,09:34:50.672687022,09:34:50.000000000,sh600163,23.6121,5400,8.21,5100,8.22,8.215,1.0,500.0,1000.0
98,09:34:53.676997985,09:34:53.000000000,sh600163,23.12,41800,8.2,52300,8.21,8.205,1.0,500.0,1500.0
99,09:34:56.675878135,09:34:56.000000000,sh600163,27.4532,2100,8.2,100,8.21,8.205,1.0,100.0,1600.0
100,09:34:59.679603423,09:34:59.000000000,sh600163,22.7672,2000,8.2,5200,8.21,8.205,1.0,500.0,2100.0
101,09:35:02.664847633,09:35:02.000000000,sh600163,25.1688,7700,8.19,33900,8.2,8.195,,0.0,2100.0
102,09:35:05.666372041,09:35:05.000000000,sh600163,10.9397,12400,8.19,135200,8.2,8.195,,0.0,2100.0
103,09:35:08.679280792,09:35:08.000000000,sh600163,6.91245,6100,8.19,129900,8.2,8.195,,0.0,2100.0
104,09:35:11.666242398,09:35:11.000000000,sh600163,21.2518,38500,8.18,1700,8.19,8.185,,0.0,2100.0
105,09:35:14.664087746,09:35:14.000000000,sh600163,1.5427600000000001,1300,8.18,34500,8.19,8.185,,0.0,2100.0
106,09:35:17.674399775,09:35:17.000000000,sh600163,2.53308,35600,8.16,19100,8.17,8.165,,0.0,2100.0
107,09:35:20.671539313,09:35:20.000000000,sh600163,-2.2592,60100,8.15,2500,8.16,8.155,,0.0,2100.0
108,09:35:23.664127403,09:35:23.000000000,sh600163,-3.5004,50500,8.15,900,8.16,8.155,,0.0,2100.0
109,09:35:26.664588345,09:35:26.000000000,sh600163,-16.7438,33800,8.14,7400,8.15,8.145,2.0,2100.0,0.0
110,09:35:29.667150757,09:35:29.000000000,sh600163,-19.605,146000,8.2,14200,8.21,8.205,,0.0,0.0
111,09:35:32.671734669,09:35:32.000000000,sh600163,-26.5412,2000,8.21,27600,8.23,8.22,,0.0,0.0
112,09:35:35.671848995,09:35:35.000000000,sh600163,-20.0963,103600,8.2,14700,8.22,8.21,,0.0,0.0
113,09:35:38.673636151,09:35:38.000000000,sh600163,-17.0092,106600,8.2,4500,8.22,8.21,,0.0,0.0
114,09:35:41.676693940,09:35:41.000000000,sh600163,-9.03035,24300,8.21,6100,8.22,8.215,,0.0,0.0
115,09:35:44.672818218,09:35:44.000000000,sh600163,-20.6155,2100,8.24,27000,8.25,8.245,,0.0,0.0
116,09:35:47.672305337,09:35:47.000000000,sh600163,-10.1782,42900,8.23,10000,8.25,8.24,,0.0,0.0
117,09:35:50.673001777,09:35:50.000000000,sh600163,3.30341,15600,8.24,800,8.25,8.245,,0.0,0.0
118,09:35:53.674168746,09:35:53.000000000,sh600163,-6.5134099999999995,2400,8.25,3400,8.26,8.255,,0.0,0.0
119,09:35:56.673355781,09:35:56.000000000,sh600163,-1.8370400000000002,6800,8.24,9800,8.25,8.245,,0.0,0.0
120,09:35:59.676333335,09:35:59.000000000,sh600163,-8.07071,3500,8.24,33200,8.25,8.245,,0.0,0.0
121,09:36:02.668113869,09:36:02.000000000,sh600163,-23.1017,9100,8.24,143900,8.25,8.245,2.0,500.0,-500.0
122,09:36:05.674590312,09:36:05.000000000,sh600163,-18.3382,36700,8.23,7900,8.24,8.235,,0.0,-500.0
123,09:36:08.677581624,09:36:08.000000000,sh600163,-20.1241,7800,8.23,2500,8.24,8.235,,0.0,-500.0
124,09:36:11.672445730,09:36:11.000000000,sh600163,-24.9774,8000,8.22,20600,8.23,8.225,2.0,500.0,-1000.0
125,09:36:14.673856699,09:36:14.000000000,sh600163,-25.2073,3800,8.24,43900,8.25,8.245,2.0,100.0,-1100.0
126,09:36:17.676345473,09:36:17.000000000,sh600163,-0.6170869999999999,34400,8.21,18400,8.23,8.22,,0.0,-1100.0
127,09:36:20.663687547,09:36:20.000000000,sh600163,-10.6083,82800,8.2,23500,8.23,8.215,,0.0,-1100.0
128,09:36:23.675542395,09:36:23.000000000,sh600163,-29.9804,1000,8.21,48800,8.23,8.22,,0.0,-1100.0
129,09:36:26.674143166,09:36:26.000000000,sh600163,-17.2746,2400,8.19,78900,8.2,8.195,,0.0,-1100.0
130,09:36:29.666844159,09:36:29.000000000,sh600163,-15.0272,13100,8.19,69500,8.2,8.195,,0.0,-1100.0
131,09:36:32.679368993,09:36:32.000000000,sh600163,-15.1724,11500,8.19,62400,8.2,8.195,,0.0,-1100.0
132,09:36:35.670501806,09:36:35.000000000,sh600163,-10.4619,25500,8.18,27800,8.19,8.185,,0.0,-1100.0
133,09:36:38.669539425,09:36:38.000000000,sh600163,-3.9230099999999997,3300,8.17,1300,8.18,8.175,,0.0,-1100.0
134,09:36:41.666911630,09:36:41.000000000,sh600163,-15.3743,300,8.17,46600,8.18,8.175,,0.0,-1100.0
135,09:36:44.676500953,09:36:44.000000000,sh600163,-4.942069999999999,24800,8.16,8300,8.17,8.165,,0.0,-1100.0
136,09:36:47.673695624,09:36:47.000000000,sh600163,-9.54573,9200,8.16,46900,8.18,8.17,,0.0,-1100.0
137,09:36:50.676921968,09:36:50.000000000,sh600163,-3.9985,67500,8.15,15000,8.16,8.155,,0.0,-1100.0
138,09:36:53.674964554,09:36:53.000000000,sh600163,-1.85838,67100,8.15,7500,8.16,8.155,,0.0,-1100.0
139,09:36:56.671160894,09:36:56.000000000,sh600163,-14.9465,800,8.17,42900,8.18,8.175,,0.0,-1100.0
140,09:36:59.674031295,09:36:59.000000000,sh600163,2.2208200000000002,20900,8.16,12000,8.17,8.165,,0.0,-1100.0
141,09:37:02.675671377,09:37:02.000000000,sh600163,4.252669999999999,19600,8.16,35400,8.18,8.17,,0.0,-1100.0
142,09:37:05.678331679,09:37:05.000000000,sh600163,9.33106,7900,8.17,23700,8.18,8.175,,0.0,-1100.0
143,09:37:08.669797085,09:37:08.000000000,sh600163,18.1633,28900,8.17,16000,8.18,8.175,1.0,1100.0,0.0
144,09:37:11.671383086,09:37:11.000000000,sh600163,22.0886,31600,8.17,13400,8.18,8.175,,0.0,0.0
145,09:37:14.669309335,09:37:14.000000000,sh600163,9.51264,1500,8.18,10800,8.19,8.185,,0.0,0.0
146,09:37:17.667556168,09:37:17.000000000,sh600163,25.9266,120000,8.16,22500,8.17,8.165,,0.0,0.0
147,09:37:20.671113980,09:37:20.000000000,sh600163,30.0589,106200,8.16,200,8.17,8.165,,0.0,0.0
148,09:37:23.670320850,09:37:23.000000000,sh600163,11.5253,600,8.17,5900,8.18,8.175,,0.0,0.0
149,09:37:26.664768509,09:37:26.000000000,sh600163,8.88079,19400,8.16,27400,8.17,8.165,,0.0,0.0
150,09:37:29.669532663,09:37:29.000000000,sh600163,4.8347,59200,8.15,18100,8.16,8.155,,0.0,0.0
151,09:37:32.665418010,09:37:32.000000000,sh600163,-4.40089,29700,8.14,127900,8.15,8.145,,0.0,0.0
152,09:37:35.662856737,09:37:35.000000000,sh600163,0.171074,22100,8.12,10500,8.13,8.125,,0.0,0.0
153,09:37:38.664762832,09:37:38.000000000,sh600163,5.02825,22100,8.12,100,8.13,8.125,,0.0,0.0
154,09:37:41.677735448,09:37:41.000000000,sh600163,-0.512007,21300,8.12,4400,8.13,8.125,,0.0,0.0
155,09:37:44.675201441,09:37:44.000000000,sh600163,-8.07725,20000,8.13,18800,8.14,8.135,,0.0,0.0
156,09:37:47.678123422,09:37:47.000000000,sh600163,-7.415080000000001,11000,8.13,15200,8.18,8.155,,0.0,0.0
157,09:37:50.679031972,09:37:50.000000000,sh600163,-14.77,300,8.15,15200,8.18,8.165,,0.0,0.0
158,09:37:53.673986122,09:37:53.000000000,sh600163,-6.1753599999999995,9600,8.14,15700,8.17,8.155,,0.0,0.0
159,09:37:56.674505671,09:37:56.000000000,sh600163,5.29244,14100,8.14,8500,8.15,8.145,,0.0,0.0
160,09:37:59.671535339,09:37:59.000000000,sh600163,-14.1317,8200,8.17,19100,8.18,8.175,,0.0,0.0
161,09:38:02.678072799,09:38:02.000000000,sh600163,-10.0877,2800,8.17,19600,8.18,8.175,,0.0,0.0
162,09:38:05.665605072,09:38:05.000000000,sh600163,2.1656299999999997,12500,8.16,1400,8.17,8.165,,0.0,0.0
163,09:38:08.667711323,09:38:08.000000000,sh600163,-10.0484,1200,8.16,68300,8.17,8.165,,0.0,0.0
164,09:38:11.667914255,09:38:11.000000000,sh600163,-4.69126,600,8.15,1600,8.16,8.155,,0.0,0.0
165,09:38:14.677112068,09:38:14.000000000,sh600163,7.1947600000000005,19900,8.14,5600,8.15,8.145,,0.0,0.0
166,09:38:17.663682152,09:38:17.000000000,sh600163,9.162939999999999,21700,8.13,700,8.14,8.135,,0.0,0.0
167,09:38:20.667984364,09:38:20.000000000,sh600163,11.6114,41200,8.12,6800,8.14,8.13,,0.0,0.0
168,09:38:23.667080818,09:38:23.000000000,sh600163,5.5999,29000,8.12,24400,8.14,8.13,,0.0,0.0
169,09:38:26.671096409,09:38:26.000000000,sh600163,4.27325,22200,8.12,38200,8.14,8.13,,0.0,0.0
170,09:38:29.670892456,09:38:29.000000000,sh600163,-6.28873,700,8.13,18700,8.14,8.135,,0.0,0.0
171,09:38:32.665312938,09:38:32.000000000,sh600163,6.222980000000001,13100,8.12,2800,8.13,8.125,,0.0,0.0
172,09:38:35.674506167,09:38:35.000000000,sh600163,3.0354400000000004,7600,8.14,49100,8.15,8.145,,0.0,0.0
173,09:38:38.667121272,09:38:38.000000000,sh600163,14.9709,17300,8.14,7200,8.15,8.145,,0.0,0.0
174,09:38:41.676882417,09:38:41.000000000,sh600163,5.13097,7000,8.15,700,8.18,8.165,,0.0,0.0
175,09:38:44.667437469,09:38:44.000000000,sh600163,-17.6771,65700,8.2,3800,8.21,8.205,,0.0,0.0
176,09:38:47.676013757,09:38:47.000000000,sh600163,-5.32995,7000,8.16,3100,8.19,8.175,,0.0,0.0
177,09:38:50.677820442,09:38:50.000000000,sh600163,-26.0007,1400,8.19,35500,8.2,8.195,,0.0,0.0
178,09:38:53.680500747,09:38:53.000000000,sh600163,-11.460999999999999,21100,8.19,5800,8.2,8.195,,0.0,0.0
179,09:38:56.668140131,09:38:56.000000000,sh600163,-7.04988,14000,8.19,1200,8.2,8.195,,0.0,0.0
180,09:38:59.666185255,09:38:59.000000000,sh600163,-13.3734,15000,8.19,13500,8.2,8.195,,0.0,0.0
181,09:39:02.664636979,09:39:02.000000000,sh600163,-22.1733,3400,8.2,58800,8.22,8.21,,0.0,0.0
182,09:39:05.678306561,09:39:05.000000000,sh600163,-19.4837,600,8.2,25400,8.22,8.21,,0.0,0.0
183,09:39:08.669089356,09:39:08.000000000,sh600163,-16.7325,6600,8.21,19300,8.22,8.215,,0.0,0.0
184,09:39:11.674047338,09:39:11.000000000,sh600163,-14.0728,19200,8.2,10200,8.21,8.205,,0.0,0.0
185,09:39:14.671677120,09:39:14.000000000,sh600163,-10.637,11500,8.19,7800,8.2,8.195,,0.0,0.0
186,09:39:17.674083004,09:39:17.000000000,sh600163,-22.7434,115300,8.15,328700,8.2,8.175,,0.0,0.0
187,09:39:20.674510476,09:39:20.000000000,sh600163,-29.6245,28300,8.15,307700,8.2,8.175,,0.0,0.0
188,09:39:23.667615321,09:39:23.000000000,sh600163,-19.5181,28800,8.15,6300,8.16,8.155,,0.0,0.0
189,09:39:26.669421838,09:39:26.000000000,sh600163,-16.9992,39100,8.15,11100,8.16,8.155,,0.0,0.0
190,09:39:29.668831679,09:39:29.000000000,sh600163,-18.5422,14500,8.15,30500,8.16,8.155,,0.0,0.0
191,09:39:32.670039966,09:39:32.000000000,sh600163,-24.0508,23800,8.16,11500,8.18,8.17,,0.0,0.0
192,09:39:35.678106660,09:39:35.000000000,sh600163,-19.6688,34800,8.16,29700,8.18,8.17,,0.0,0.0
193,09:39:38.670455723,09:39:38.000000000,sh600163,-19.5856,9300,8.16,29700,8.18,8.17,,0.0,0.0
194,09:39:41.677031054,09:39:41.000000000,sh600163,-5.80112,29000,8.15,6800,8.16,8.155,,0.0,0.0
195,09:39:44.670023743,09:39:44.000000000,sh600163,2.39262,151100,8.16,1000,8.17,8.165,,0.0,0.0
196,09:39:47.668835563,09:39:47.000000000,sh600163,-5.8413699999999995,1900,8.17,19900,8.18,8.175,,0.0,0.0
197,09:39:50.662586544,09:39:50.000000000,sh600163,-12.5148,3200,8.18,105000,8.19,8.185,,0.0,0.0
198,09:39:53.672298466,09:39:53.000000000,sh600163,8.81519,28200,8.15,9600,8.16,8.155,,0.0,0.0
199,09:39:56.678064994,09:39:56.000000000,sh600163,-2.26876,15000,8.16,5000,8.18,8.17,,0.0,0.0
200,09:39:59.668411135,09:39:59.000000000,sh600163,8.137260000000001,73000,8.16,5000,8.17,8.165,,0.0,0.0
201,09:40:02.665542546,09:40:02.000000000,sh600163,-0.897748,34500,8.17,20100,8.18,8.175,,0.0,0.0
202,09:40:05.669475468,09:40:05.000000000,sh600163,5.93786,56900,8.16,21700,8.17,8.165,,0.0,0.0
203,09:40:08.663585620,09:40:08.000000000,sh600163,2.3588299999999998,60500,8.17,226000,8.2,8.185,,0.0,0.0
204,09:40:11.669822453,09:40:11.000000000,sh600163,4.27675,12000,8.18,51400,8.2,8.19,,0.0,0.0
205,09:40:14.671188546,09:40:14.000000000,sh600163,16.4955,7000,8.17,3600,8.19,8.18,,0.0,0.0
206,09:40:17.675563640,09:40:17.000000000,sh600163,2.13252,3600,8.17,22600,8.18,8.175,,0.0,0.0
207,09:40:20.664864685,09:40:20.000000000,sh600163,8.44687,93600,8.16,19600,8.17,8.165,,0.0,0.0
208,09:40:23.678351558,09:40:23.000000000,sh600163,-20.2488,600,8.18,5500,8.19,8.185,,0.0,0.0
209,09:40:26.675152584,09:40:26.000000000,sh600163,-19.6425,5200,8.18,312700,8.2,8.19,,0.0,0.0
210,09:40:29.676820592,09:40:29.000000000,sh600163,-4.97682,15900,8.17,15200,8.18,8.175,,0.0,0.0
211,09:40:32.669649526,09:40:32.000000000,sh600163,0.848037,42300,8.17,3200,8.18,8.175,,0.0,0.0
212,09:40:35.673475586,09:40:35.000000000,sh600163,-8.60042,20500,8.18,18400,8.19,8.185,,0.0,0.0
213,09:40:38.668136033,09:40:38.000000000,sh600163,-14.0141,7900,8.18,12300,8.19,8.185,,0.0,0.0
214,09:40:41.662200445,09:40:41.000000000,sh600163,-17.6061,4700,8.18,18500,8.19,8.185,,0.0,0.0
215,09:40:44.674326447,09:40:44.000000000,sh600163,-7.00776,16100,8.17,17900,8.18,8.175,,0.0,0.0
216,09:40:47.669223091,09:40:47.000000000,sh600163,-18.037,1900,8.18,40700,8.19,8.185,,0.0,0.0
217,09:40:50.664977860,09:40:50.000000000,sh600163,-15.9364,1000,8.17,36300,8.18,8.175,,0.0,0.0
218,09:40:53.670590601,09:40:53.000000000,sh600163,-17.0644,200,8.16,9000,8.17,8.165,,0.0,0.0
219,09:40:56.664519152,09:40:56.000000000,sh600163,-17.5241,60300,8.16,246400,8.2,8.18,,0.0,0.0
220,09:40:59.674139054,09:40:59.000000000,sh600163,0.891334,46000,8.17,700,8.18,8.175,,0.0,0.0
221,09:41:02.666255717,09:41:02.000000000,sh600163,-15.8059,200,8.18,8500,8.19,8.185,,0.0,0.0
222,09:41:05.663530031,09:41:05.000000000,sh600163,-16.7676,2100,8.19,241500,8.2,8.195,,0.0,0.0
223,09:41:08.670146278,09:41:08.000000000,sh600163,-0.0937456,82800,8.17,10900,8.19,8.18,,0.0,0.0
224,09:41:11.667399257,09:41:11.000000000,sh600163,-8.09109,10500,8.19,238800,8.2,8.195,,0.0,0.0
225,09:41:14.671436951,09:41:14.000000000,sh600163,-18.1103,1000,8.19,242100,8.2,8.195,,0.0,0.0
226,09:41:17.680690896,09:41:17.000000000,sh600163,2.30924,9300,8.17,186500,8.2,8.185,,0.0,0.0
227,09:41:20.672625460,09:41:20.000000000,sh600163,0.973209,13100,8.17,122800,8.19,8.18,,0.0,0.0
228,09:41:23.665011335,09:41:23.000000000,sh600163,-8.89869,100,8.18,113200,8.19,8.185,,0.0,0.0
229,09:41:26.676062864,09:41:26.000000000,sh600163,-6.81965,1900,8.18,113900,8.19,8.185,,0.0,0.0
230,09:41:29.667033005,09:41:29.000000000,sh600163,-12.9981,2340,8.18,111200,8.19,8.185,,0.0,0.0
231,09:41:32.666754044,09:41:32.000000000,sh600163,20.8578,9900,8.15,4400,8.16,8.155,,0.0,0.0
232,09:41:35.676049360,09:41:35.000000000,sh600163,12.6027,44400,8.17,800,8.18,8.175,,0.0,0.0
233,09:41:38.672481430,09:41:38.000000000,sh600163,7.566269999999999,13700,8.17,1800,8.18,8.175,,0.0,0.0
234,09:41:41.678627960,09:41:41.000000000,sh600163,-4.57083,700,8.17,6000,8.18,8.175,,0.0,0.0
235,09:41:44.680582196,09:41:44.000000000,sh600163,0.167785,1400,8.16,200,8.17,8.165,,0.0,0.0
236,09:41:47.669607608,09:41:47.000000000,sh600163,5.99639,6000,8.15,100,8.16,8.155,,0.0,0.0
237,09:41:50.677455346,09:41:50.000000000,sh600163,-3.09841,8700,8.16,20300,8.17,8.165,,0.0,0.0
238,09:41:53.677551974,09:41:53.000000000,sh600163,-10.0259,800,8.16,28600,8.17,8.165,,0.0,0.0
239,09:41:56.679236414,09:41:56.000000000,sh600163,-9.98166,6900,8.17,59900,8.18,8.175,,0.0,0.0
240,09:41:59.672822639,09:41:59.000000000,sh600163,0.0826236,17400,8.16,1900,8.18,8.17,,0.0,0.0
241,09:42:02.676327983,09:42:02.000000000,sh600163,-8.35482,24800,8.18,120560,8.19,8.185,,0.0,0.0
242,09:42:05.679467394,09:42:05.000000000,sh600163,-9.98555,20800,8.18,119360,8.19,8.185,,0.0,0.0
243,09:42:08.666585258,09:42:08.000000000,sh600163,-6.87188,13200,8.18,107860,8.19,8.185,,0.0,0.0
244,09:42:11.673864066,09:42:11.000000000,sh600163,2.45939,14900,8.17,1900,8.18,8.175,,0.0,0.0
245,09:42:14.662975893,09:42:14.000000000,sh600163,-16.2515,100,8.18,108760,8.19,8.185,,0.0,0.0
246,09:42:17.666953174,09:42:17.000000000,sh600163,-6.5032,1600,8.17,9100,8.18,8.175,,0.0,0.0
247,09:42:20.675558384,09:42:20.000000000,sh600163,-0.597394,13000,8.17,1100,8.18,8.175,,0.0,0.0
248,09:42:23.675289326,09:42:23.000000000,sh600163,4.01725,27400,8.15,16700,8.16,8.155,,0.0,0.0
249,09:42:26.671417329,09:42:26.000000000,sh600163,-20.3034,800,8.17,19400,8.18,8.175,,0.0,0.0
250,09:42:29.674848958,09:42:29.000000000,sh600163,-31.9757,1100,8.17,27900,8.18,8.175,,0.0,0.0
251,09:42:32.675611725,09:42:32.000000000,sh600163,-19.1315,3600,8.16,15600,8.17,8.165,,0.0,0.0
252,09:42:35.677698198,09:42:35.000000000,sh600163,-9.21123,28600,8.15,600,8.16,8.155,,0.0,0.0
253,09:42:38.676535143,09:42:38.000000000,sh600163,-22.7264,12500,8.16,5300,8.17,8.165,,0.0,0.0
254,09:42:41.677156806,09:42:41.000000000,sh600163,-20.4483,11400,8.16,11100,8.17,8.165,,0.0,0.0
255,09:42:44.668801302,09:42:44.000000000,sh600163,-19.8084,9300,8.16,10600,8.17,8.165,,0.0,0.0
256,09:42:47.669876424,09:42:47.000000000,sh600163,-14.6054,2000,8.15,11300,8.16,8.155,,0.0,0.0
257,09:42:50.673943799,09:42:50.000000000,sh600163,-17.0884,700,8.15,16000,8.16,8.155,,0.0,0.0
258,09:42:53.663806578,09:42:53.000000000,sh600163,-10.9553,2300,8.15,6600,8.16,8.155,,0.0,0.0
259,09:42:56.664719976,09:42:56.000000000,sh600163,-7.04616,7900,8.15,2100,8.16,8.155,,0.0,0.0
260,09:42:59.676082610,09:42:59.000000000,sh600163,-8.48799,800,8.14,3800,8.15,8.145,,0.0,0.0
261,09:43:02.670195007,09:43:02.000000000,sh600163,0.317556,35400,8.13,1400,8.14,8.135,,0.0,0.0
262,09:43:05.671602211,09:43:05.000000000,sh600163,-3.00103,63500,8.11,8300,8.14,8.125,,0.0,0.0
263,09:43:08.666221580,09:43:08.000000000,sh600163,-1.9874900000000002,4300,8.12,1500,8.13,8.125,,0.0,0.0
264,09:43:11.671937095,09:43:11.000000000,sh600163,-3.4107300000000005,103800,8.1,5900,8.14,8.12,,0.0,0.0
265,09:43:14.673224319,09:43:14.000000000,sh600163,-2.15274,1000,8.12,2400,8.13,8.125,,0.0,0.0
266,09:43:17.669477313,09:43:17.000000000,sh600163,-2.37202,38400,8.11,1900,8.15,8.13,,0.0,0.0
267,09:43:20.674720633,09:43:20.000000000,sh600163,-16.9245,2800,8.12,2000,8.14,8.13,,0.0,0.0
268,09:43:23.676046341,09:43:23.000000000,sh600163,5.88927,4100,8.1,700,8.11,8.105,,0.0,0.0
269,09:43:26.666831709,09:43:26.000000000,sh600163,-4.93295,600,8.1,8000,8.12,8.11,,0.0,0.0
270,09:43:29.667721298,09:43:29.000000000,sh600163,-25.5653,6400,8.11,72800,8.19,8.15,,0.0,0.0
271,09:43:32.662728958,09:43:32.000000000,sh600163,-7.132910000000001,2800,8.13,1800,8.16,8.145,,0.0,0.0
272,09:43:35.672761235,09:43:35.000000000,sh600163,0.18654500000000002,2700,8.12,4700,8.13,8.125,,0.0,0.0
273,09:43:38.676285041,09:43:38.000000000,sh600163,-15.912,1500,8.13,900,8.16,8.145,,0.0,0.0
274,09:43:41.672832563,09:43:41.000000000,sh600163,3.9230400000000003,5100,8.11,1500,8.13,8.12,,0.0,0.0
275,09:43:44.672891102,09:43:44.000000000,sh600163,-28.1332,500,8.13,600,8.18,8.155,,0.0,0.0
276,09:43:47.674274947,09:43:47.000000000,sh600163,-18.5154,100,8.14,600,8.15,8.145,,0.0,0.0
277,09:43:50.677878045,09:43:50.000000000,sh600163,-11.4344,2400,8.13,5500,8.14,8.135,,0.0,0.0
278,09:43:53.676734055,09:43:53.000000000,sh600163,-11.349,3200,8.13,1700,8.15,8.14,,0.0,0.0
279,09:43:56.668248019,09:43:56.000000000,sh600163,-3.22211,27000,8.11,5700,8.12,8.115,,0.0,0.0
280,09:43:59.672656577,09:43:59.000000000,sh600163,-7.214919999999999,1600,8.12,5600,8.13,8.125,,0.0,0.0
281,09:44:02.679722071,09:44:02.000000000,sh600163,-9.81173,5900,8.12,15100,8.13,8.125,,0.0,0.0
282,09:44:05.665002169,09:44:05.000000000,sh600163,-10.1785,30600,8.13,26300,8.15,8.14,,0.0,0.0
283,09:44:08.674681886,09:44:08.000000000,sh600163,-10.647,19300,8.13,26200,8.15,8.14,,0.0,0.0
284,09:44:11.673291371,09:44:11.000000000,sh600163,-12.2596,5400,8.14,22900,8.15,8.145,,0.0,0.0
285,09:44:14.672904454,09:44:14.000000000,sh600163,-10.7401,10000,8.14,14500,8.15,8.145,,0.0,0.0
286,09:44:17.666236963,09:44:17.000000000,sh600163,2.11849,44211,8.12,19600,8.13,8.125,,0.0,0.0
287,09:44:20.672852564,09:44:20.000000000,sh600163,1.1970299999999998,61111,8.12,37760,8.13,8.125,,0.0,0.0
288,09:44:23.670386687,09:44:23.000000000,sh600163,2.1407599999999998,60111,8.12,34460,8.13,8.125,,0.0,0.0
289,09:44:26.669571990,09:44:26.000000000,sh600163,-10.6806,4140,8.15,1000,8.16,8.155,,0.0,0.0
290,09:44:29.677144035,09:44:29.000000000,sh600163,-12.3697,5600,8.15,6700,8.16,8.155,,0.0,0.0
291,09:44:32.676833225,09:44:32.000000000,sh600163,-6.175269999999999,5340,8.14,16700,8.15,8.145,,0.0,0.0
292,09:44:35.674541478,09:44:35.000000000,sh600163,-3.86277,4840,8.14,26800,8.15,8.145,,0.0,0.0
293,09:44:38.673553817,09:44:38.000000000,sh600163,-5.03863,9740,8.14,4300,8.16,8.15,,0.0,0.0
294,09:44:41.663077224,09:44:41.000000000,sh600163,-1.10527,7340,8.14,11900,8.15,8.145,,0.0,0.0
295,09:44:44.670900955,09:44:44.000000000,sh600163,-10.729000000000001,5800,8.15,9200,8.16,8.155,,0.0,0.0
296,09:44:47.663933794,09:44:47.000000000,sh600163,-8.498510000000001,9900,8.15,11800,8.16,8.155,,0.0,0.0
297,09:44:50.663429079,09:44:50.000000000,sh600163,-6.2264800000000005,8400,8.15,9700,8.16,8.155,,0.0,0.0
298,09:44:53.673527100,09:44:53.000000000,sh600163,1.43353,7600,8.15,300,8.16,8.155,,0.0,0.0
299,09:44:56.672907756,09:44:56.000000000,sh600163,-15.957,1100,8.16,73900,8.19,8.175,,0.0,0.0
300,09:44:59.666616943,09:44:59.000000000,sh600163,-16.5662,47100,8.17,73900,8.19,8.18,,0.0,0.0
301,09:45:02.669381511,09:45:02.000000000,sh600163,-8.62878,3100,8.15,1200,8.18,8.165,,0.0,0.0
302,09:45:05.666118581,09:45:05.000000000,sh600163,-17.1217,13200,8.18,59600,8.19,8.185,,0.0,0.0
303,09:45:08.675355878,09:45:08.000000000,sh600163,-11.9651,49700,8.19,826500,8.2,8.195,,0.0,0.0
304,09:45:11.668074514,09:45:11.000000000,sh600163,24.0364,37300,8.21,600,8.22,8.215,,0.0,0.0
305,09:45:14.669877982,09:45:14.000000000,sh600163,16.6121,117000,8.22,65200,8.23,8.225,,0.0,0.0
306,09:45:17.666774622,09:45:17.000000000,sh600163,16.2524,131500,8.24,68300,8.25,8.245,,0.0,0.0
307,09:45:20.672211703,09:45:20.000000000,sh600163,16.1351,42600,8.26,11700,8.27,8.265,,0.0,0.0
308,09:45:23.670063923,09:45:23.000000000,sh600163,-0.81784,23100,8.28,115900,8.29,8.285,,0.0,0.0
309,09:45:26.661729691,09:45:26.000000000,sh600163,-2.4699400000000002,4600,8.28,84400,8.29,8.285,,0.0,0.0
310,09:45:29.667662806,09:45:29.000000000,sh600163,-0.604296,70000,8.29,495300,8.3,8.295,,0.0,0.0
311,09:45:32.679669736,09:45:32.000000000,sh600163,2.79893,40800,8.27,10200,8.28,8.275,,0.0,0.0
312,09:45:35.669229159,09:45:35.000000000,sh600163,-13.4413,7400,8.31,196100,8.33,8.32,,0.0,0.0
313,09:45:38.673594667,09:45:38.000000000,sh600163,-94.4045,9100,8.33,237500,8.35,8.34,,0.0,0.0
314,09:45:41.676911101,09:45:41.000000000,sh600163,8.76943,9300,8.31,1300,8.32,8.315,,0.0,0.0
315,09:45:44.665409717,09:45:44.000000000,sh600163,-91.6871,5400,8.34,52600,8.35,8.345,,0.0,0.0
316,09:45:47.675994166,09:45:47.000000000,sh600163,-12.7327,7700,8.32,10700,8.34,8.33,,0.0,0.0
317,09:45:50.675612115,09:45:50.000000000,sh600163,-2.4851799999999997,64600,8.29,108200,8.3,8.295,,0.0,0.0
318,09:45:53.672512536,09:45:53.000000000,sh600163,-96.8527,30800,8.33,5900,8.34,8.335,,0.0,0.0
319,09:45:56.673334390,09:45:56.000000000,sh600163,-16.6561,3300,8.32,6200,8.34,8.33,,0.0,0.0
320,09:45:59.669011532,09:45:59.000000000,sh600163,-24.0191,5500,8.33,15100,8.34,8.335,,0.0,0.0
321,09:46:02.673359677,09:46:02.000000000,sh600163,-24.4281,9900,8.3,39200,8.33,8.315,,0.0,0.0
322,09:46:05.667545778,09:46:05.000000000,sh600163,-21.4322,79600,8.29,4500,8.3,8.295,,0.0,0.0
323,09:46:08.670546036,09:46:08.000000000,sh600163,-31.6444,7700,8.3,42500,8.31,8.305,,0.0,0.0
324,09:46:11.672821959,09:46:11.000000000,sh600163,-18.4812,182800,8.3,15000,8.31,8.305,,0.0,0.0
325,09:46:14.661945669,09:46:14.000000000,sh600163,-25.7239,42900,8.31,93900,8.34,8.325,,0.0,0.0
326,09:46:17.677438007,09:46:17.000000000,sh600163,-11.71,15000,8.31,3900,8.32,8.315,,0.0,0.0
327,09:46:20.676995648,09:46:20.000000000,sh600163,-12.065,20800,8.31,600,8.32,8.315,,0.0,0.0
328,09:46:23.662306864,09:46:23.000000000,sh600163,-17.6625,43800,8.31,42400,8.33,8.32,,0.0,0.0
329,09:46:26.674578286,09:46:26.000000000,sh600163,-16.4839,61400,8.3,28900,8.32,8.31,,0.0,0.0
330,09:46:29.670726816,09:46:29.000000000,sh600163,-12.7607,33800,8.3,1800,8.31,8.305,,0.0,0.0
331,09:46:32.663310513,09:46:32.000000000,sh600163,-13.0924,27800,8.3,3700,8.31,8.305,,0.0,0.0
332,09:46:35.667339737,09:46:35.000000000,sh600163,-10.0422,38900,8.3,1900,8.31,8.305,,0.0,0.0
333,09:46:38.665549137,09:46:38.000000000,sh600163,-8.0377,151200,8.31,33800,8.32,8.315,,0.0,0.0
334,09:46:41.663164186,09:46:41.000000000,sh600163,-3.48054,152800,8.31,30900,8.32,8.315,,0.0,0.0
335,09:46:44.677553149,09:46:44.000000000,sh600163,-3.3481099999999997,100000,8.31,12700,8.32,8.315,,0.0,0.0
336,09:46:47.682666652,09:46:47.000000000,sh600163,-1.69891,88800,8.31,22100,8.32,8.315,,0.0,0.0
337,09:46:50.666785146,09:46:50.000000000,sh600163,-1.77262,63800,8.31,16800,8.32,8.315,,0.0,0.0
338,09:46:53.668553128,09:46:53.000000000,sh600163,-6.879339999999999,3500,8.32,88700,8.33,8.325,,0.0,0.0
339,09:46:56.682064627,09:46:56.000000000,sh600163,9.96464,235800,8.32,100400,8.33,8.325,,0.0,0.0
340,09:46:59.677405484,09:46:59.000000000,sh600163,8.90392,178500,8.32,102400,8.33,8.325,,0.0,0.0
341,09:47:02.668018960,09:47:02.000000000,sh600163,8.23804,155100,8.32,101200,8.33,8.325,,0.0,0.0
342,09:47:05.679221214,09:47:05.000000000,sh600163,9.67014,122600,8.32,89200,8.33,8.325,,0.0,0.0
343,09:47:08.680062288,09:47:08.000000000,sh600163,-1.43116,32200,8.32,74700,8.33,8.325,,0.0,0.0
344,09:47:11.668877476,09:47:11.000000000,sh600163,7.463019999999999,89900,8.31,3200,8.32,8.315,,0.0,0.0
345,09:47:14.671857813,09:47:14.000000000,sh600163,2.65063,89900,8.31,11300,8.32,8.315,,0.0,0.0
346,09:47:17.666539439,09:47:17.000000000,sh600163,3.0419400000000003,116400,8.31,10200,8.32,8.315,,0.0,0.0
347,09:47:20.672083957,09:47:20.000000000,sh600163,4.32061,147800,8.31,19300,8.32,8.315,,0.0,0.0
348,09:47:23.670927733,09:47:23.000000000,sh600163,-1.1416600000000001,142200,8.31,15500,8.32,8.315,,0.0,0.0
349,09:47:26.668893554,09:47:26.000000000,sh600163,-5.12421,50400,8.32,108900,8.33,8.325,,0.0,0.0
350,09:47:29.675513868,09:47:29.000000000,sh600163,-4.92831,42900,8.32,109500,8.33,8.325,,0.0,0.0
351,09:47:32.672236257,09:47:32.000000000,sh600163,-8.0494,16800,8.32,105000,8.33,8.325,,0.0,0.0
352,09:47:35.666521133,09:47:35.000000000,sh600163,-8.57118,13200,8.32,115000,8.33,8.325,,0.0,0.0
353,09:47:38.673354762,09:47:38.000000000,sh600163,-14.5723,3000,8.32,219200,8.33,8.325,,0.0,0.0
354,09:47:41.663599452,09:47:41.000000000,sh600163,-8.27806,127900,8.31,38100,8.32,8.315,,0.0,0.0
355,09:47:44.675330444,09:47:44.000000000,sh600163,-7.923489999999999,113600,8.31,22400,8.32,8.315,,0.0,0.0
356,09:47:47.669424471,09:47:47.000000000,sh600163,-5.54976,190300,8.31,29500,8.32,8.315,,0.0,0.0
357,09:47:50.666958899,09:47:50.000000000,sh600163,-8.77554,177500,8.31,64000,8.32,8.315,,0.0,0.0
358,09:47:53.665286912,09:47:53.000000000,sh600163,-12.5075,137300,8.31,48400,8.32,8.315,,0.0,0.0
359,09:47:56.677886752,09:47:56.000000000,sh600163,-14.2185,126900,8.31,52400,8.32,8.315,,0.0,0.0
360,09:47:59.675058673,09:47:59.000000000,sh600163,-16.7889,64900,8.31,43900,8.32,8.315,,0.0,0.0
361,09:48:02.666705882,09:48:02.000000000,sh600163,-15.9761,63000,8.31,27700,8.32,8.315,,0.0,0.0
362,09:48:05.667830333,09:48:05.000000000,sh600163,-12.5211,123200,8.3,7300,8.31,8.305,,0.0,0.0
363,09:48:08.669422608,09:48:08.000000000,sh600163,-13.877,123200,8.3,5300,8.31,8.305,,0.0,0.0
364,09:48:11.668944685,09:48:11.000000000,sh600163,-18.977999999999998,105100,8.3,25200,8.31,8.305,,0.0,0.0
365,09:48:14.663472157,09:48:14.000000000,sh600163,-20.3469,59700,8.3,14200,8.31,8.305,,0.0,0.0
366,09:48:17.669691374,09:48:17.000000000,sh600163,-20.4279,61200,8.3,27700,8.31,8.305,,0.0,0.0
367,09:48:20.667155142,09:48:20.000000000,sh600163,-18.2364,46900,8.3,8500,8.31,8.305,,0.0,0.0
368,09:48:23.667633196,09:48:23.000000000,sh600163,-19.8728,26400,8.3,14300,8.31,8.305,,0.0,0.0
369,09:48:26.667443956,09:48:26.000000000,sh600163,-11.1409,110200,8.29,2300,8.3,8.295,,0.0,0.0
370,09:48:29.673527439,09:48:29.000000000,sh600163,-11.347999999999999,110200,8.29,7900,8.3,8.295,,0.0,0.0
371,09:48:32.662465537,09:48:32.000000000,sh600163,-16.3823,105200,8.29,78500,8.3,8.295,,0.0,0.0
372,09:48:35.665690047,09:48:35.000000000,sh600163,-26.666,93400,8.29,259600,8.3,8.295,,0.0,0.0
373,09:48:38.661235766,09:48:38.000000000,sh600163,-24.5885,72700,8.29,262600,8.3,8.295,,0.0,0.0
374,09:48:41.672353046,09:48:41.000000000,sh600163,-29.3578,28800,8.29,268000,8.3,8.295,,0.0,0.0
375,09:48:44.674014928,09:48:44.000000000,sh600163,-31.3719,700,8.29,264000,8.3,8.295,,0.0,0.0
376,09:48:47.671586063,09:48:47.000000000,sh600163,-16.9608,20500,8.28,1700,8.29,8.285,,0.0,0.0
377,09:48:50.671299712,09:48:50.000000000,sh600163,-17.0522,37400,8.28,26500,8.29,8.285,,0.0,0.0
378,09:48:53.661724029,09:48:53.000000000,sh600163,-16.8703,34500,8.28,54300,8.29,8.285,,0.0,0.0
379,09:48:56.669314427,09:48:56.000000000,sh600163,-19.3128,17900,8.28,78800,8.29,8.285,,0.0,0.0
380,09:48:59.677290570,09:48:59.000000000,sh600163,-11.8215,21000,8.27,10200,8.28,8.275,,0.0,0.0
381,09:49:02.673094014,09:49:02.000000000,sh600163,-10.2026,23800,8.27,8700,8.28,8.275,,0.0,0.0
382,09:49:05.674715113,09:49:05.000000000,sh600163,-15.2025,9300,8.24,35200,8.28,8.26,,0.0,0.0
383,09:49:08.666923571,09:49:08.000000000,sh600163,-10.2979,6500,8.24,500,8.27,8.255,,0.0,0.0
384,09:49:11.669058324,09:49:11.000000000,sh600163,-10.6061,6500,8.24,6800,8.27,8.255,,0.0,0.0
385,09:49:14.667373880,09:49:14.000000000,sh600163,-14.8338,600,8.25,600,8.26,8.255,,0.0,0.0
386,09:49:17.676868738,09:49:17.000000000,sh600163,-11.7232,25900,8.26,51200,8.27,8.265,,0.0,0.0
387,09:49:20.671404880,09:49:20.000000000,sh600163,-9.0221,34400,8.26,51800,8.27,8.265,,0.0,0.0
388,09:49:23.669304258,09:49:23.000000000,sh600163,-8.45914,4000,8.25,31300,8.26,8.255,,0.0,0.0
389,09:49:26.660620390,09:49:26.000000000,sh600163,-25.9419,5400,8.25,223200,8.26,8.255,,0.0,0.0
390,09:49:29.663345384,09:49:29.000000000,sh600163,-19.8123,6700,8.25,229000,8.26,8.255,,0.0,0.0
391,09:49:32.660871700,09:49:32.000000000,sh600163,-9.75371,12200,8.24,11200,8.25,8.245,,0.0,0.0
392,09:49:35.667258679,09:49:35.000000000,sh600163,-11.3667,8300,8.24,24200,8.25,8.245,,0.0,0.0
393,09:49:38.674381349,09:49:38.000000000,sh600163,1.99806,17700,8.23,900,8.24,8.235,,0.0,0.0
394,09:49:41.661577345,09:49:41.000000000,sh600163,-6.111669999999999,18000,8.23,49400,8.24,8.235,,0.0,0.0
395,09:49:44.667478605,09:49:44.000000000,sh600163,-3.4662900000000003,18800,8.23,43700,8.24,8.235,,0.0,0.0
396,09:49:47.666754678,09:49:47.000000000,sh600163,-6.37688,4000,8.23,49900,8.24,8.235,,0.0,0.0
397,09:49:50.669128849,09:49:50.000000000,sh600163,7.222289999999999,22400,8.22,2000,8.23,8.225,,0.0,0.0
398,09:49:53.677768771,09:49:53.000000000,sh600163,4.983630000000001,22400,8.22,8500,8.23,8.225,,0.0,0.0
399,09:49:56.661255401,09:49:56.000000000,sh600163,4.08376,20400,8.22,14100,8.23,8.225,,0.0,0.0
400,09:49:59.671546561,09:49:59.000000000,sh600163,-4.21162,100,8.23,48000,8.24,8.235,,0.0,0.0
401,09:50:02.664361422,09:50:02.000000000,sh600163,13.982999999999999,20100,8.22,1500,8.23,8.225,,0.0,0.0
402,09:50:05.665389668,09:50:05.000000000,sh600163,4.06985,8900,8.23,39200,8.24,8.235,,0.0,0.0
403,09:50:08.662961032,09:50:08.000000000,sh600163,3.44043,10200,8.23,43900,8.24,8.235,,0.0,0.0
404,09:50:11.672178529,09:50:11.000000000,sh600163,14.126,52200,8.23,10600,8.24,8.235,,0.0,0.0
405,09:50:14.662670938,09:50:14.000000000,sh600163,1.9837099999999999,1800,8.24,17600,8.25,8.245,,0.0,0.0
406,09:50:17.673949349,09:50:17.000000000,sh600163,-0.7484029999999999,2100,8.24,17000,8.25,8.245,,0.0,0.0
407,09:50:20.675665110,09:50:20.000000000,sh600163,-3.1494299999999997,1900,8.24,5200,8.25,8.245,,0.0,0.0
408,09:50:23.661511709,09:50:23.000000000,sh600163,4.79812,32300,8.22,14100,8.23,8.225,,0.0,0.0
409,09:50:26.673173313,09:50:26.000000000,sh600163,-21.5862,300,8.25,44700,8.26,8.255,,0.0,0.0
410,09:50:29.662540395,09:50:29.000000000,sh600163,-5.528569999999999,10500,8.23,3400,8.24,8.235,,0.0,0.0
411,09:50:32.666270751,09:50:32.000000000,sh600163,2.24308,30100,8.22,1400,8.24,8.23,,0.0,0.0
412,09:50:35.664540225,09:50:35.000000000,sh600163,-8.286010000000001,7700,8.23,20900,8.24,8.235,,0.0,0.0
413,09:50:38.667173411,09:50:38.000000000,sh600163,-18.0889,24000,8.25,34500,8.26,8.255,,0.0,0.0
414,09:50:41.663380924,09:50:41.000000000,sh600163,-9.04803,2300,8.23,3000,8.24,8.235,,0.0,0.0
415,09:50:44.667003298,09:50:44.000000000,sh600163,-8.51464,8200,8.23,6300,8.24,8.235,,0.0,0.0
416,09:50:47.674564938,09:50:47.000000000,sh600163,-2.65938,58000,8.22,2700,8.24,8.23,,0.0,0.0
417,09:50:50.669200438,09:50:50.000000000,sh600163,-7.69077,1800,8.23,9800,8.24,8.235,,0.0,0.0
418,09:50:53.667129238,09:50:53.000000000,sh600163,-2.46095,900,8.23,7900,8.24,8.235,,0.0,0.0
419,09:50:56.665253155,09:50:56.000000000,sh600163,3.54103,20100,8.23,6800,8.24,8.235,,0.0,0.0
420,09:50:59.673817670,09:50:59.000000000,sh600163,8.76198,49100,8.23,6600,8.24,8.235,,0.0,0.0
421,09:51:02.663198319,09:51:02.000000000,sh600163,10.499,79100,8.23,8600,8.24,8.235,,0.0,0.0
422,09:51:05.673941823,09:51:05.000000000,sh600163,11.3646,42700,8.24,7100,8.25,8.245,,0.0,0.0
423,09:51:08.661555801,09:51:08.000000000,sh600163,14.9736,64400,8.24,9100,8.25,8.245,,0.0,0.0
424,09:51:11.664232029,09:51:11.000000000,sh600163,15.6345,61300,8.24,13600,8.25,8.245,,0.0,0.0
425,09:51:14.673288900,09:51:14.000000000,sh600163,10.3627,1800,8.24,11900,8.25,8.245,,0.0,0.0
426,09:51:17.673214473,09:51:17.000000000,sh600163,14.4042,22300,8.23,38100,8.24,8.235,,0.0,0.0
427,09:51:20.671547846,09:51:20.000000000,sh600163,9.63256,1000,8.22,35700,8.23,8.225,,0.0,0.0
428,09:51:23.675169822,09:51:23.000000000,sh600163,6.59819,2900,8.22,22700,8.23,8.225,,0.0,0.0
429,09:51:26.661820683,09:51:26.000000000,sh600163,15.1445,5400,8.21,6900,8.22,8.215,,0.0,0.0
430,09:51:29.672299456,09:51:29.000000000,sh600163,14.375,5000,8.21,23900,8.22,8.215,,0.0,0.0
431,09:51:32.665371941,09:51:32.000000000,sh600163,14.4172,1600,8.21,20200,8.22,8.215,,0.0,0.0
432,09:51:35.671552393,09:51:35.000000000,sh600163,19.3779,2300,8.21,8300,8.22,8.215,,0.0,0.0
433,09:51:38.671064197,09:51:38.000000000,sh600163,17.5497,97200,8.2,38000,8.21,8.205,,0.0,0.0
434,09:51:41.670220474,09:51:41.000000000,sh600163,20.8529,97200,8.2,18200,8.21,8.205,,0.0,0.0
435,09:51:44.672461003,09:51:44.000000000,sh600163,23.6379,101300,8.2,8100,8.21,8.205,,0.0,0.0
436,09:51:47.669115217,09:51:47.000000000,sh600163,24.1285,5100,8.21,3200,8.22,8.215,,0.0,0.0
437,09:51:50.667712996,09:51:50.000000000,sh600163,25.8634,4600,8.21,1900,8.22,8.215,,0.0,0.0
438,09:51:53.673830153,09:51:53.000000000,sh600163,21.0389,10300,8.21,6400,8.23,8.22,,0.0,0.0
439,09:51:56.665921164,09:51:56.000000000,sh600163,19.9258,22300,8.21,8000,8.22,8.215,,0.0,0.0
440,09:51:59.659432382,09:51:59.000000000,sh600163,21.93,35300,8.21,8600,8.22,8.215,,0.0,0.0
441,09:52:02.675146085,09:52:02.000000000,sh600163,18.6496,26700,8.21,3800,8.23,8.22,,0.0,0.0
442,09:52:05.672052868,09:52:05.000000000,sh600163,21.9373,12500,8.19,52900,8.2,8.195,,0.0,0.0
443,09:52:08.674024514,09:52:08.000000000,sh600163,21.1079,11400,8.19,35100,8.2,8.195,,0.0,0.0
444,09:52:11.666236760,09:52:11.000000000,sh600163,24.9921,11000,8.19,15500,8.2,8.195,,0.0,0.0
445,09:52:14.666800272,09:52:14.000000000,sh600163,21.6214,5400,8.19,9700,8.2,8.195,,0.0,0.0
446,09:52:17.669388661,09:52:17.000000000,sh600163,-6.69366,14900,8.23,6000,8.24,8.235,,0.0,0.0
447,09:52:20.670717604,09:52:20.000000000,sh600163,3.15909,400,8.2,2600,8.22,8.21,,0.0,0.0
448,09:52:23.670241661,09:52:23.000000000,sh600163,24.5715,33100,8.18,7700,8.19,8.185,,0.0,0.0
449,09:52:26.670387167,09:52:26.000000000,sh600163,24.2395,20100,8.18,700,8.19,8.185,,0.0,0.0
450,09:52:29.673525354,09:52:29.000000000,sh600163,19.2491,4300,8.2,900,8.21,8.205,,0.0,0.0
451,09:52:32.670057666,09:52:32.000000000,sh600163,10.3865,2500,8.2,6600,8.21,8.205,,0.0,0.0
452,09:52:35.660656148,09:52:35.000000000,sh600163,13.7914,112700,8.19,14600,8.21,8.2,,0.0,0.0
453,09:52:38.666219299,09:52:38.000000000,sh600163,7.30381,2100,8.2,2300,8.21,8.205,,0.0,0.0
454,09:52:41.664719140,09:52:41.000000000,sh600163,8.29727,73700,8.19,28900,8.2,8.195,,0.0,0.0
455,09:52:44.662031296,09:52:44.000000000,sh600163,4.45755,74500,8.19,41700,8.2,8.195,,0.0,0.0
456,09:52:47.671119145,09:52:47.000000000,sh600163,-0.24270799999999998,63300,8.19,51400,8.2,8.195,,0.0,0.0
457,09:52:50.674471039,09:52:50.000000000,sh600163,0.941465,58700,8.19,32600,8.2,8.195,,0.0,0.0
458,09:52:53.671234250,09:52:53.000000000,sh600163,-1.43118,54200,8.19,34500,8.2,8.195,,0.0,0.0
459,09:52:56.664557439,09:52:56.000000000,sh600163,-1.6083399999999999,46100,8.19,34100,8.2,8.195,,0.0,0.0
460,09:52:59.666913811,09:52:59.000000000,sh600163,-4.35002,40100,8.19,32500,8.2,8.195,,0.0,0.0
461,09:53:02.665601744,09:53:02.000000000,sh600163,-8.45086,27300,8.19,34400,8.2,8.195,,0.0,0.0
462,09:53:05.670015744,09:53:05.000000000,sh600163,-9.742389999999999,27100,8.19,42600,8.2,8.195,,0.0,0.0
463,09:53:08.680083877,09:53:08.000000000,sh600163,-8.26265,35100,8.18,300,8.19,8.185,,0.0,0.0
464,09:53:11.668599152,09:53:11.000000000,sh600163,-14.089,35000,8.18,2600,8.19,8.185,,0.0,0.0
465,09:53:14.672160454,09:53:14.000000000,sh600163,-23.3321,1400,8.18,3300,8.19,8.185,,0.0,0.0
466,09:53:17.671485979,09:53:17.000000000,sh600163,-8.23072,52000,8.17,300,8.18,8.175,,0.0,0.0
467,09:53:20.672535958,09:53:20.000000000,sh600163,-12.1454,51600,8.17,3000,8.18,8.175,,0.0,0.0
468,09:53:23.666278390,09:53:23.000000000,sh600163,-10.5313,52700,8.17,2800,8.18,8.175,,0.0,0.0
469,09:53:26.668288576,09:53:26.000000000,sh600163,-30.6281,1000,8.18,500,8.19,8.185,,0.0,0.0
470,09:53:29.672928871,09:53:29.000000000,sh600163,-35.4214,2100,8.18,27200,8.19,8.185,,0.0,0.0
471,09:53:32.673927710,09:53:32.000000000,sh600163,-31.1396,1800,8.18,8500,8.19,8.185,,0.0,0.0
472,09:53:35.660912305,09:53:35.000000000,sh600163,-25.0755,1300,8.18,6100,8.19,8.185,,0.0,0.0
473,09:53:38.671963063,09:53:38.000000000,sh600163,-20.6822,6900,8.18,3500,8.19,8.185,,0.0,0.0
474,09:53:41.670593305,09:53:41.000000000,sh600163,-17.823,1000,8.17,6000,8.18,8.175,,0.0,0.0
475,09:53:44.661689386,09:53:44.000000000,sh600163,-8.204039999999999,80000,8.16,800,8.17,8.165,,0.0,0.0
476,09:53:47.675577021,09:53:47.000000000,sh600163,-11.3735,6700,8.17,5800,8.18,8.175,,0.0,0.0
477,09:53:50.667046529,09:53:50.000000000,sh600163,-12.799000000000001,900,8.17,13300,8.18,8.175,,0.0,0.0
478,09:53:53.673438280,09:53:53.000000000,sh600163,-8.61613,2600,8.17,14000,8.18,8.175,,0.0,0.0
479,09:53:56.675448474,09:53:56.000000000,sh600163,-2.34226,92300,8.16,3900,8.17,8.165,,0.0,0.0
480,09:53:59.673718917,09:53:59.000000000,sh600163,-0.9208139999999999,31200,8.17,8700,8.18,8.175,,0.0,0.0
481,09:54:02.675051610,09:54:02.000000000,sh600163,6.092980000000001,84400,8.16,1700,8.17,8.165,,0.0,0.0
482,09:54:05.671015003,09:54:05.000000000,sh600163,4.36877,11100,8.17,2600,8.18,8.175,,0.0,0.0
483,09:54:08.667529185,09:54:08.000000000,sh600163,6.27414,2600,8.17,300,8.18,8.175,,0.0,0.0
484,09:54:11.677118401,09:54:11.000000000,sh600163,-4.8591,4700,8.18,3100,8.19,8.185,,0.0,0.0
485,09:54:14.673181613,09:54:14.000000000,sh600163,-7.73026,2500,8.18,3100,8.19,8.185,,0.0,0.0
486,09:54:17.670012964,09:54:17.000000000,sh600163,-8.595989999999999,5400,8.18,9800,8.19,8.185,,0.0,0.0
487,09:54:20.674099514,09:54:20.000000000,sh600163,5.25631,84200,8.16,14200,8.17,8.165,,0.0,0.0
488,09:54:23.662826892,09:54:23.000000000,sh600163,12.7417,84200,8.16,3000,8.17,8.165,,0.0,0.0
489,09:54:26.670335340,09:54:26.000000000,sh600163,4.6005,6400,8.17,8000,8.18,8.175,,0.0,0.0
490,09:54:29.669840245,09:54:29.000000000,sh600163,7.79805,23600,8.17,7800,8.18,8.175,,0.0,0.0
491,09:54:32.660070768,09:54:32.000000000,sh600163,7.130660000000001,16900,8.18,9900,8.19,8.185,,0.0,0.0
492,09:54:35.663480084,09:54:35.000000000,sh600163,8.8573,26600,8.18,41100,8.2,8.19,,0.0,0.0
493,09:54:38.671650611,09:54:38.000000000,sh600163,3.1383799999999997,600,8.19,39800,8.2,8.195,,0.0,0.0
494,09:54:41.670704991,09:54:41.000000000,sh600163,15.3654,42000,8.17,9200,8.18,8.175,,0.0,0.0
495,09:54:44.669267903,09:54:44.000000000,sh600163,-0.7707189999999999,3600,8.19,42700,8.2,8.195,,0.0,0.0
496,09:54:47.673772088,09:54:47.000000000,sh600163,-1.20502,2600,8.19,42200,8.2,8.195,,0.0,0.0
497,09:54:50.663615591,09:54:50.000000000,sh600163,7.86924,18100,8.18,1000,8.19,8.185,,0.0,0.0
498,09:54:53.673362128,09:54:53.000000000,sh600163,6.94065,22300,8.19,29200,8.2,8.195,,0.0,0.0
499,09:54:56.674231653,09:54:56.000000000,sh600163,3.2730599999999996,13500,8.19,35300,8.2,8.195,,0.0,0.0
500,09:54:59.671910354,09:54:59.000000000,sh600163,4.00689,12100,8.19,17000,8.2,8.195,,0.0,0.0
501,09:55:02.675991499,09:55:02.000000000,sh600163,1.55723,12500,8.19,12200,8.2,8.195,,0.0,0.0
502,09:55:05.673635191,09:55:05.000000000,sh600163,-12.5759,2700,8.2,3600,8.21,8.205,,0.0,0.0
503,09:55:08.670084917,09:55:08.000000000,sh600163,11.029000000000002,64400,8.17,2900,8.18,8.175,,0.0,0.0
504,09:55:11.674243782,09:55:11.000000000,sh600163,10.168,21200,8.17,2600,8.18,8.175,,0.0,0.0
505,09:55:14.672332855,09:55:14.000000000,sh600163,-11.0052,1200,8.18,24100,8.19,8.185,,0.0,0.0
506,09:55:17.667050464,09:55:17.000000000,sh600163,-2.02949,11900,8.18,8400,8.19,8.185,,0.0,0.0
507,09:55:20.669494550,09:55:20.000000000,sh600163,-18.0616,46400,8.17,200000,8.18,8.175,,0.0,0.0
508,09:55:23.665538846,09:55:23.000000000,sh600163,-20.3534,2500,8.17,192800,8.18,8.175,,0.0,0.0
509,09:55:26.663743102,09:55:26.000000000,sh600163,-21.033,7400,8.17,192900,8.18,8.175,,0.0,0.0
510,09:55:29.670807343,09:55:29.000000000,sh600163,-18.8397,11600,8.17,189100,8.18,8.175,,0.0,0.0
511,09:55:32.669291050,09:55:32.000000000,sh600163,-20.2251,13800,8.17,187100,8.18,8.175,,0.0,0.0
512,09:55:35.661276031,09:55:35.000000000,sh600163,-16.3069,21200,8.17,187100,8.18,8.175,,0.0,0.0
513,09:55:38.675750342,09:55:38.000000000,sh600163,-10.0518,83900,8.16,500,8.17,8.165,,0.0,0.0
514,09:55:41.670602796,09:55:41.000000000,sh600163,-14.3936,84100,8.16,16600,8.17,8.165,,0.0,0.0
515,09:55:44.662612274,09:55:44.000000000,sh600163,-12.2044,83000,8.16,8400,8.17,8.165,,0.0,0.0
516,09:55:47.663460517,09:55:47.000000000,sh600163,-13.574000000000002,80400,8.16,8800,8.17,8.165,,0.0,0.0
517,09:55:50.662511047,09:55:50.000000000,sh600163,-15.5899,79600,8.16,9000,8.17,8.165,,0.0,0.0
518,09:55:53.663127702,09:55:53.000000000,sh600163,-15.9345,59100,8.16,4400,8.17,8.165,,0.0,0.0
519,09:55:56.670065256,09:55:56.000000000,sh600163,-15.0606,51400,8.16,1000,8.17,8.165,,0.0,0.0
520,09:55:59.661004522,09:55:59.000000000,sh600163,-22.3321,11700,8.17,164000,8.18,8.175,,0.0,0.0
521,09:56:02.669604504,09:56:02.000000000,sh600163,-21.5028,27000,8.17,164000,8.18,8.175,,0.0,0.0
522,09:56:05.668950935,09:56:05.000000000,sh600163,-17.9066,38000,8.17,171200,8.18,8.175,,0.0,0.0
523,09:56:08.665726827,09:56:08.000000000,sh600163,-21.4059,11000,8.17,173200,8.18,8.175,,0.0,0.0
524,09:56:11.662773228,09:56:11.000000000,sh600163,-19.956,10900,8.17,172600,8.18,8.175,,0.0,0.0
525,09:56:14.666781238,09:56:14.000000000,sh600163,-15.8296,20900,8.17,172700,8.18,8.175,,0.0,0.0
526,09:56:17.661119835,09:56:17.000000000,sh600163,-14.8104,15000,8.17,172200,8.18,8.175,,0.0,0.0
527,09:56:20.662307791,09:56:20.000000000,sh600163,-19.8283,3900,8.17,174100,8.18,8.175,,0.0,0.0
528,09:56:23.661502772,09:56:23.000000000,sh600163,-17.0211,1000,8.16,172100,8.18,8.17,,0.0,0.0
529,09:56:26.672981896,09:56:26.000000000,sh600163,-21.5161,1500,8.17,172600,8.18,8.175,,0.0,0.0
530,09:56:29.660700194,09:56:29.000000000,sh600163,-13.2829,6300,8.16,172200,8.18,8.17,,0.0,0.0
531,09:56:32.673347001,09:56:32.000000000,sh600163,-5.750369999999999,20800,8.16,172200,8.18,8.17,,0.0,0.0
532,09:56:35.665566324,09:56:35.000000000,sh600163,-5.343999999999999,22000,8.16,18000,8.17,8.165,,0.0,0.0
533,09:56:38.664873387,09:56:38.000000000,sh600163,-4.17542,10700,8.16,18700,8.17,8.165,,0.0,0.0
534,09:56:41.663983675,09:56:41.000000000,sh600163,-0.371131,18900,8.16,19200,8.17,8.165,,0.0,0.0
535,09:56:44.671177813,09:56:44.000000000,sh600163,2.51955,8900,8.16,600,8.17,8.165,,0.0,0.0
536,09:56:47.663046844,09:56:47.000000000,sh600163,1.2382799999999998,11000,8.16,600,8.17,8.165,,0.0,0.0
537,09:56:50.675351762,09:56:50.000000000,sh600163,-0.5969810000000001,8800,8.16,1600,8.17,8.165,,0.0,0.0
538,09:56:53.671616018,09:56:53.000000000,sh600163,-5.6285300000000005,7200,8.16,3400,8.17,8.165,,0.0,0.0
539,09:56:56.672834231,09:56:56.000000000,sh600163,-3.8124300000000004,8300,8.16,3400,8.17,8.165,,0.0,0.0
540,09:56:59.674715144,09:56:59.000000000,sh600163,-2.85701,14400,8.16,3500,8.17,8.165,,0.0,0.0
541,09:57:02.674467011,09:57:02.000000000,sh600163,-4.26309,10200,8.16,3900,8.17,8.165,,0.0,0.0
542,09:57:05.668372945,09:57:05.000000000,sh600163,-0.22545300000000001,134400,8.15,13900,8.16,8.155,,0.0,0.0
543,09:57:08.672778353,09:57:08.000000000,sh600163,-3.1348599999999998,130800,8.15,13200,8.16,8.155,,0.0,0.0
544,09:57:11.670722069,09:57:11.000000000,sh600163,-3.44731,123800,8.15,16400,8.16,8.155,,0.0,0.0
545,09:57:14.674786091,09:57:14.000000000,sh600163,-17.5258,1300,8.16,174300,8.18,8.17,,0.0,0.0
546,09:57:17.670238311,09:57:17.000000000,sh600163,-0.500606,99200,8.15,1100,8.16,8.155,,0.0,0.0
547,09:57:20.668049628,09:57:20.000000000,sh600163,-18.3632,100,8.16,4900,8.17,8.165,,0.0,0.0
548,09:57:23.667437256,09:57:23.000000000,sh600163,-18.7284,2200,8.16,25800,8.17,8.165,,0.0,0.0
549,09:57:26.672165841,09:57:26.000000000,sh600163,-25.6438,100,8.16,26200,8.17,8.165,,0.0,0.0
550,09:57:32.673415737,09:57:32.000000000,sh600163,-9.68944,108400,8.15,4700,8.16,8.155,,0.0,0.0
551,09:57:35.671971358,09:57:35.000000000,sh600163,-11.440999999999999,103200,8.15,7500,8.16,8.155,,0.0,0.0
552,09:57:38.674367099,09:57:38.000000000,sh600163,-6.8173699999999995,103400,8.15,900,8.16,8.155,,0.0,0.0
553,09:57:41.674506797,09:57:41.000000000,sh600163,-15.8094,1400,8.16,24400,8.17,8.165,,0.0,0.0
554,09:57:44.661606716,09:57:44.000000000,sh600163,-13.5707,9700,8.16,24800,8.17,8.165,,0.0,0.0
555,09:57:47.663253931,09:57:47.000000000,sh600163,-10.0434,18500,8.16,26400,8.17,8.165,,0.0,0.0
556,09:57:50.661446582,09:57:50.000000000,sh600163,-10.0115,12200,8.16,26600,8.17,8.165,,0.0,0.0
557,09:57:53.677743246,09:57:53.000000000,sh600163,-10.8773,2300,8.16,26000,8.17,8.165,,0.0,0.0
558,09:57:56.674725921,09:57:56.000000000,sh600163,-9.867180000000001,3800,8.16,24800,8.17,8.165,,0.0,0.0
559,09:57:59.671547059,09:57:59.000000000,sh600163,-2.91111,109700,8.15,4700,8.16,8.155,,0.0,0.0
560,09:58:02.672193166,09:58:02.000000000,sh600163,-6.69477,105800,8.15,67700,8.16,8.155,,0.0,0.0
561,09:58:05.672415309,09:58:05.000000000,sh600163,-10.3617,93700,8.15,62800,8.16,8.155,,0.0,0.0
562,09:58:08.670931418,09:58:08.000000000,sh600163,-14.3485,9100,8.15,57700,8.16,8.155,,0.0,0.0
563,09:58:11.670038283,09:58:11.000000000,sh600163,-17.0076,500,8.15,57400,8.16,8.155,,0.0,0.0
564,09:58:14.667996471,09:58:14.000000000,sh600163,-2.60129,2500,8.14,1400,8.15,8.145,,0.0,0.0
565,09:58:17.659799724,09:58:17.000000000,sh600163,-10.349,300,8.14,87400,8.15,8.145,,0.0,0.0
566,09:58:20.661033120,09:58:20.000000000,sh600163,-2.1293599999999997,17600,8.14,86600,8.15,8.145,,0.0,0.0
567,09:58:23.667655645,09:58:23.000000000,sh600163,5.71276,68400,8.13,4300,8.14,8.135,,0.0,0.0
568,09:58:26.667529051,09:58:26.000000000,sh600163,-2.5218,500,8.14,62200,8.15,8.145,,0.0,0.0
569,09:58:29.664895809,09:58:29.000000000,sh600163,0.197134,6400,8.14,62200,8.15,8.145,,0.0,0.0
570,09:58:32.662415171,09:58:32.000000000,sh600163,-2.32035,6400,8.14,66200,8.15,8.145,,0.0,0.0
571,09:58:35.663116618,09:58:35.000000000,sh600163,2.96042,36200,8.13,19300,8.14,8.135,,0.0,0.0
572,09:58:38.664554335,09:58:38.000000000,sh600163,1.69802,35500,8.13,11200,8.14,8.135,,0.0,0.0
573,09:58:41.660878727,09:58:41.000000000,sh600163,1.8869200000000002,45900,8.13,10300,8.14,8.135,,0.0,0.0
574,09:58:44.659782670,09:58:44.000000000,sh600163,-2.71107,23000,8.13,14500,8.14,8.135,,0.0,0.0
575,09:58:47.661443148,09:58:47.000000000,sh600163,-2.99549,16600,8.13,23400,8.14,8.135,,0.0,0.0
576,09:58:50.661934773,09:58:50.000000000,sh600163,-2.9906599999999997,15900,8.13,27800,8.14,8.135,,0.0,0.0
577,09:58:53.663610459,09:58:53.000000000,sh600163,8.935319999999999,53800,8.12,1300,8.13,8.125,,0.0,0.0
578,09:58:56.661805760,09:58:56.000000000,sh600163,-2.41325,11500,8.13,30900,8.14,8.135,,0.0,0.0
579,09:58:59.662772004,09:58:59.000000000,sh600163,0.0948453,12100,8.13,22400,8.14,8.135,,0.0,0.0
580,09:59:02.661239417,09:59:02.000000000,sh600163,-0.277594,9500,8.13,20500,8.14,8.135,,0.0,0.0
581,09:59:05.673125943,09:59:05.000000000,sh600163,8.785960000000001,52700,8.12,1700,8.13,8.125,,0.0,0.0
582,09:59:08.665913174,09:59:08.000000000,sh600163,-5.9467300000000005,200,8.13,15100,8.14,8.135,,0.0,0.0
583,09:59:11.665678031,09:59:11.000000000,sh600163,-0.848825,1800,8.13,14700,8.14,8.135,,0.0,0.0
584,09:59:14.663735043,09:59:14.000000000,sh600163,1.14534,2400,8.13,14600,8.14,8.135,,0.0,0.0
585,09:59:17.665710639,09:59:17.000000000,sh600163,6.00399,13500,8.13,15500,8.14,8.135,,0.0,0.0
586,09:59:20.666822144,09:59:20.000000000,sh600163,11.4962,76800,8.12,6500,8.14,8.13,,0.0,0.0
587,09:59:23.658648778,09:59:23.000000000,sh600163,7.53258,8400,8.13,4700,8.14,8.135,,0.0,0.0
588,09:59:26.666836216,09:59:26.000000000,sh600163,1.60276,2200,8.14,68400,8.15,8.145,,0.0,0.0
589,09:59:29.671011547,09:59:29.000000000,sh600163,8.027330000000001,41300,8.14,52800,8.15,8.145,,0.0,0.0
590,09:59:32.670233932,09:59:32.000000000,sh600163,14.3461,36000,8.14,11900,8.15,8.145,,0.0,0.0
591,09:59:35.675225636,09:59:35.000000000,sh600163,15.2975,47600,8.14,2300,8.15,8.145,,0.0,0.0
592,09:59:38.666610546,09:59:38.000000000,sh600163,-1.19892,1100,8.15,58700,8.16,8.155,,0.0,0.0
593,09:59:41.673176658,09:59:41.000000000,sh600163,0.22221300000000002,5800,8.15,55600,8.16,8.155,,0.0,0.0
594,09:59:44.664984208,09:59:44.000000000,sh600163,-3.0666700000000002,7700,8.15,59300,8.16,8.155,,0.0,0.0
595,09:59:47.666895720,09:59:47.000000000,sh600163,-1.11937,18700,8.15,55500,8.16,8.155,,0.0,0.0
596,09:59:50.676157533,09:59:50.000000000,sh600163,0.561083,14700,8.15,55500,8.16,8.155,,0.0,0.0
597,09:59:53.668529069,09:59:53.000000000,sh600163,-0.32469899999999996,20800,8.15,54000,8.16,8.155,,0.0,0.0
598,09:59:56.662760520,09:59:56.000000000,sh600163,-4.08151,15900,8.15,53200,8.16,8.155,,0.0,0.0
599,09:59:59.664707307,09:59:59.000000000,sh600163,-2.60419,46100,8.15,44900,8.16,8.155,,0.0,0.0
600,10:00:02.662675034,10:00:02.000000000,sh600163,-4.07187,51100,8.15,39300,8.16,8.155,,0.0,0.0
601,10:00:05.670092173,10:00:05.000000000,sh600163,-4.20987,62800,8.15,42900,8.16,8.155,,0.0,0.0
602,10:00:08.661978119,10:00:08.000000000,sh600163,-4.9652400000000005,65800,8.15,46500,8.16,8.155,,0.0,0.0
603,10:00:11.667910039,10:00:11.000000000,sh600163,-7.247960000000001,70700,8.15,43600,8.16,8.155,,0.0,0.0
604,10:00:14.663875216,10:00:14.000000000,sh600163,-16.4756,14900,8.14,55200,8.15,8.145,,0.0,0.0
605,10:00:17.666277121,10:00:17.000000000,sh600163,-5.92368,74200,8.12,5800,8.13,8.125,,0.0,0.0
606,10:00:20.662180863,10:00:20.000000000,sh600163,-21.6495,100,8.13,36300,8.14,8.135,,0.0,0.0
607,10:00:23.671828030,10:00:23.000000000,sh600163,-8.46792,74200,8.12,11000,8.13,8.125,,0.0,0.0
608,10:00:26.667302951,10:00:26.000000000,sh600163,-9.17395,75100,8.12,37500,8.13,8.125,,0.0,0.0
609,10:00:29.676571013,10:00:29.000000000,sh600163,-6.011019999999999,72900,8.12,33800,8.13,8.125,,0.0,0.0
610,10:00:32.658153828,10:00:32.000000000,sh600163,-7.959560000000001,42300,8.12,33000,8.13,8.125,,0.0,0.0
611,10:00:35.676144748,10:00:35.000000000,sh600163,-3.3909,45300,8.12,64700,8.13,8.125,,0.0,0.0
612,10:00:38.662315825,10:00:38.000000000,sh600163,-5.0509699999999995,36700,8.12,72200,8.13,8.125,,0.0,0.0
613,10:00:41.670730541,10:00:41.000000000,sh600163,3.83675,92500,8.11,10300,8.12,8.115,,0.0,0.0
614,10:00:44.668557973,10:00:44.000000000,sh600163,7.87723,93100,8.11,2900,8.12,8.115,,0.0,0.0
615,10:00:47.661870876,10:00:47.000000000,sh600163,4.2588,24700,8.12,15300,8.13,8.125,,0.0,0.0
616,10:00:50.670845173,10:00:50.000000000,sh600163,3.02313,29900,8.12,21000,8.13,8.125,,0.0,0.0
617,10:00:53.664117088,10:00:53.000000000,sh600163,5.60881,49800,8.12,14300,8.13,8.125,,0.0,0.0
618,10:00:56.662604078,10:00:56.000000000,sh600163,5.02122,38200,8.12,20200,8.13,8.125,,0.0,0.0
619,10:00:59.659697877,10:00:59.000000000,sh600163,3.17398,101200,8.11,21100,8.12,8.115,,0.0,0.0
620,10:01:02.661584984,10:01:02.000000000,sh600163,2.63658,70900,8.11,7400,8.12,8.115,,0.0,0.0
621,10:01:05.666207824,10:01:05.000000000,sh600163,0.48346999999999996,351500,8.1,4000,8.11,8.105,,0.0,0.0
622,10:01:08.672525617,10:01:08.000000000,sh600163,-4.41513,335100,8.1,9300,8.11,8.105,,0.0,0.0
623,10:01:11.672783732,10:01:11.000000000,sh600163,-1.50488,297200,8.1,1200,8.11,8.105,,0.0,0.0
624,10:01:14.665261104,10:01:14.000000000,sh600163,-11.9296,8000,8.11,28900,8.12,8.115,,0.0,0.0
625,10:01:17.667846306,10:01:17.000000000,sh600163,-7.50813,284000,8.1,18100,8.11,8.105,,0.0,0.0
626,10:01:20.672506515,10:01:20.000000000,sh600163,-11.6776,257400,8.1,23100,8.11,8.105,,0.0,0.0
627,10:01:23.672082412,10:01:23.000000000,sh600163,-8.68724,243000,8.1,22000,8.11,8.105,,0.0,0.0
628,10:01:26.670781841,10:01:26.000000000,sh600163,-2.6541799999999998,240900,8.1,15100,8.11,8.105,,0.0,0.0
629,10:01:29.672170961,10:01:29.000000000,sh600163,-0.38278,225200,8.1,2300,8.11,8.105,,0.0,0.0
630,10:01:32.664454653,10:01:32.000000000,sh600163,-8.803889999999999,8400,8.11,47400,8.12,8.115,,0.0,0.0
631,10:01:35.665421802,10:01:35.000000000,sh600163,-8.06841,2000,8.11,43700,8.12,8.115,,0.0,0.0
632,10:01:38.665092202,10:01:38.000000000,sh600163,-3.14925,203200,8.1,43900,8.12,8.11,,0.0,0.0
633,10:01:41.674730569,10:01:41.000000000,sh600163,-0.285641,198900,8.1,4000,8.11,8.105,,0.0,0.0
634,10:01:44.663085404,10:01:44.000000000,sh600163,-7.78302,7100,8.11,41800,8.12,8.115,,0.0,0.0
635,10:01:47.669566257,10:01:47.000000000,sh600163,3.86403,219600,8.1,1700,8.11,8.105,,0.0,0.0
636,10:01:50.661219400,10:01:50.000000000,sh600163,2.73895,223800,8.1,45200,8.12,8.11,,0.0,0.0
637,10:01:53.674989318,10:01:53.000000000,sh600163,-2.9359,1700,8.11,44500,8.12,8.115,,0.0,0.0
638,10:01:56.673424798,10:01:56.000000000,sh600163,4.8695,227400,8.1,43000,8.12,8.11,,0.0,0.0
639,10:01:59.672999246,10:01:59.000000000,sh600163,8.97279,239900,8.1,4300,8.11,8.105,,0.0,0.0
640,10:02:02.671216126,10:02:02.000000000,sh600163,7.93576,239600,8.1,19100,8.11,8.105,,0.0,0.0
641,10:02:05.670015003,10:02:05.000000000,sh600163,6.32118,26400,8.11,52000,8.12,8.115,,0.0,0.0
642,10:02:08.670904244,10:02:08.000000000,sh600163,4.02949,6600,8.11,55300,8.12,8.115,,0.0,0.0
643,10:02:11.663840998,10:02:11.000000000,sh600163,9.33492,243900,8.1,3800,8.11,8.105,,0.0,0.0
644,10:02:14.673441375,10:02:14.000000000,sh600163,4.5140199999999995,23500,8.11,51500,8.12,8.115,,0.0,0.0
645,10:02:17.671582521,10:02:17.000000000,sh600163,3.4779400000000003,19500,8.11,75100,8.12,8.115,,0.0,0.0
646,10:02:20.673660738,10:02:20.000000000,sh600163,3.24565,261000,8.1,33200,8.11,8.105,,0.0,0.0
647,10:02:23.661229228,10:02:23.000000000,sh600163,5.63469,264200,8.1,25500,8.11,8.105,,0.0,0.0
648,10:02:26.671185516,10:02:26.000000000,sh600163,4.7424800000000005,265300,8.1,14200,8.11,8.105,,0.0,0.0
649,10:02:29.664436199,10:02:29.000000000,sh600163,5.31882,267300,8.1,13000,8.11,8.105,,0.0,0.0
650,10:02:32.673347989,10:02:32.000000000,sh600163,5.4065900000000005,265900,8.1,9300,8.11,8.105,,0.0,0.0
651,10:02:35.670100726,10:02:35.000000000,sh600163,3.4929099999999997,265900,8.1,20300,8.11,8.105,,0.0,0.0
652,10:02:38.670993151,10:02:38.000000000,sh600163,3.3785800000000004,233300,8.1,27000,8.11,8.105,,0.0,0.0
653,10:02:41.663353237,10:02:41.000000000,sh600163,4.2790300000000006,250400,8.1,27300,8.11,8.105,,0.0,0.0
654,10:02:44.666250236,10:02:44.000000000,sh600163,-0.125747,8600,8.11,86000,8.12,8.115,,0.0,0.0
655,10:02:47.667326531,10:02:47.000000000,sh600163,4.95525,251700,8.1,3800,8.11,8.105,,0.0,0.0
656,10:02:50.673680320,10:02:50.000000000,sh600163,3.78453,249600,8.1,9800,8.11,8.105,,0.0,0.0
657,10:02:53.665631278,10:02:53.000000000,sh600163,0.958131,238700,8.1,7900,8.11,8.105,,0.0,0.0
658,10:02:56.660252883,10:02:56.000000000,sh600163,1.6354,255000,8.1,12300,8.11,8.105,,0.0,0.0
659,10:02:59.662273557,10:02:59.000000000,sh600163,2.43987,251900,8.1,6900,8.11,8.105,,0.0,0.0
660,10:03:02.666358529,10:03:02.000000000,sh600163,0.841067,255100,8.1,7300,8.11,8.105,,0.0,0.0
661,10:03:05.660461166,10:03:05.000000000,sh600163,-8.56211,3100,8.11,96400,8.12,8.115,,0.0,0.0
662,10:03:08.673696890,10:03:08.000000000,sh600163,-4.36431,11800,8.11,96300,8.12,8.115,,0.0,0.0
663,10:03:11.669422515,10:03:11.000000000,sh600163,-3.48461,2900,8.11,96200,8.12,8.115,,0.0,0.0
664,10:03:14.661677140,10:03:14.000000000,sh600163,8.17298,258200,8.1,3600,8.11,8.105,,0.0,0.0
665,10:03:17.665545552,10:03:17.000000000,sh600163,2.21605,16300,8.11,96800,8.12,8.115,,0.0,0.0
666,10:03:20.670363991,10:03:20.000000000,sh600163,2.68637,13100,8.11,98600,8.12,8.115,,0.0,0.0
667,10:03:23.670808729,10:03:23.000000000,sh600163,4.1715,254600,8.1,13700,8.11,8.105,,0.0,0.0
668,10:03:26.668582881,10:03:26.000000000,sh600163,7.52866,259400,8.1,2700,8.11,8.105,,0.0,0.0
669,10:03:29.673038599,10:03:29.000000000,sh600163,10.3229,259900,8.1,300,8.11,8.105,,0.0,0.0
670,10:03:32.660961684,10:03:32.000000000,sh600163,6.04914,256500,8.1,7800,8.11,8.105,,0.0,0.0
671,10:03:35.665656499,10:03:35.000000000,sh600163,3.5957,254400,8.1,36200,8.11,8.105,,0.0,0.0
672,10:03:38.669478937,10:03:38.000000000,sh600163,2.61715,239300,8.1,34700,8.11,8.105,,0.0,0.0
673,10:03:41.663117426,10:03:41.000000000,sh600163,3.4414800000000003,198400,8.1,14600,8.11,8.105,,0.0,0.0
674,10:03:44.662456749,10:03:44.000000000,sh600163,1.12246,189900,8.1,21700,8.11,8.105,,0.0,0.0
675,10:03:47.671265425,10:03:47.000000000,sh600163,0.557947,179500,8.1,32700,8.11,8.105,,0.0,0.0
676,10:03:50.676587356,10:03:50.000000000,sh600163,1.0996700000000001,193000,8.1,28400,8.11,8.105,,0.0,0.0
677,10:03:53.660145163,10:03:53.000000000,sh600163,4.1918,174900,8.1,24800,8.11,8.105,,0.0,0.0
678,10:03:56.665934827,10:03:56.000000000,sh600163,11.9127,182800,8.1,900,8.11,8.105,,0.0,0.0
679,10:03:59.670143139,10:03:59.000000000,sh600163,7.5170699999999995,17300,8.11,56600,8.12,8.115,,0.0,0.0
680,10:04:02.670573661,10:04:02.000000000,sh600163,11.3171,21300,8.11,54400,8.12,8.115,,0.0,0.0
681,10:04:05.670713648,10:04:05.000000000,sh600163,13.1038,19200,8.11,62600,8.12,8.115,,0.0,0.0
682,10:04:08.672333187,10:04:08.000000000,sh600163,11.2472,10000,8.11,64000,8.12,8.115,,0.0,0.0
683,10:04:11.662573876,10:04:11.000000000,sh600163,9.26585,10500,8.11,65200,8.12,8.115,,0.0,0.0
684,10:04:14.660584827,10:04:14.000000000,sh600163,9.386330000000001,13900,8.11,57500,8.12,8.115,,0.0,0.0
685,10:04:17.664336779,10:04:17.000000000,sh600163,2.60874,2700,8.11,57100,8.12,8.115,,0.0,0.0
686,10:04:20.671352580,10:04:20.000000000,sh600163,0.425505,4000,8.11,59000,8.12,8.115,,0.0,0.0
687,10:04:23.676040987,10:04:23.000000000,sh600163,-3.6930199999999997,62600,8.1,100200,8.11,8.105,,0.0,0.0
688,10:04:26.668921321,10:04:26.000000000,sh600163,-4.3797,13400,8.1,48300,8.11,8.105,,0.0,0.0
689,10:04:29.664627224,10:04:29.000000000,sh600163,0.542664,221300,8.09,40600,8.11,8.1,,0.0,0.0
690,10:04:32.660404322,10:04:32.000000000,sh600163,-5.42451,6200,8.1,46700,8.11,8.105,,0.0,0.0
691,10:04:35.666241132,10:04:35.000000000,sh600163,0.352694,220700,8.09,21300,8.1,8.095,,0.0,0.0
692,10:04:38.672773464,10:04:38.000000000,sh600163,1.16422,222600,8.09,14500,8.1,8.095,,0.0,0.0
693,10:04:41.661670914,10:04:41.000000000,sh600163,1.34394,14600,8.1,16900,8.11,8.105,,0.0,0.0
694,10:04:44.668313129,10:04:44.000000000,sh600163,7.44533,215900,8.09,2400,8.1,8.095,,0.0,0.0
695,10:04:47.666856883,10:04:47.000000000,sh600163,-1.72835,9700,8.1,59500,8.11,8.105,,0.0,0.0
696,10:04:50.666992153,10:04:50.000000000,sh600163,-0.182445,18300,8.1,57200,8.11,8.105,,0.0,0.0
697,10:04:53.668629742,10:04:53.000000000,sh600163,-0.569628,22800,8.1,63300,8.11,8.105,,0.0,0.0
698,10:04:56.667175583,10:04:56.000000000,sh600163,-1.16931,13900,8.1,57500,8.11,8.105,,0.0,0.0
699,10:04:59.662794760,10:04:59.000000000,sh600163,-1.13045,11100,8.1,48000,8.11,8.105,,0.0,0.0
700,10:05:02.671423126,10:05:02.000000000,sh600163,-2.96216,7200,8.1,47700,8.11,8.105,,0.0,0.0
701,10:05:05.670282738,10:05:05.000000000,sh600163,-4.1416900000000005,2500,8.1,50700,8.11,8.105,,0.0,0.0
702,10:05:08.671386188,10:05:08.000000000,sh600163,-4.72395,3500,8.1,51100,8.11,8.105,,0.0,0.0
703,10:05:11.670995390,10:05:11.000000000,sh600163,2.91627,58900,8.1,44400,8.11,8.105,,0.0,0.0
704,10:05:14.673220712,10:05:14.000000000,sh600163,6.987939999999999,99700,8.1,10700,8.11,8.105,,0.0,0.0
705,10:05:17.672095756,10:05:17.000000000,sh600163,14.0346,216700,8.11,62800,8.12,8.115,,0.0,0.0
706,10:05:20.660057142,10:05:20.000000000,sh600163,14.0896,204200,8.11,46200,8.12,8.115,,0.0,0.0
707,10:05:23.664899602,10:05:23.000000000,sh600163,12.0238,187700,8.11,39900,8.12,8.115,,0.0,0.0
708,10:05:26.667989215,10:05:26.000000000,sh600163,8.42806,34500,8.11,19100,8.12,8.115,,0.0,0.0
709,10:05:29.664501255,10:05:29.000000000,sh600163,10.1739,39300,8.11,13700,8.12,8.115,,0.0,0.0
710,10:05:32.664455822,10:05:32.000000000,sh600163,7.6699399999999995,25600,8.11,12900,8.12,8.115,,0.0,0.0
711,10:05:35.664513223,10:05:35.000000000,sh600163,6.3693,27000,8.11,11300,8.12,8.115,,0.0,0.0
712,10:05:38.659364051,10:05:38.000000000,sh600163,11.6005,29000,8.11,3100,8.12,8.115,,0.0,0.0
713,10:05:41.659368997,10:05:41.000000000,sh600163,3.19923,10500,8.12,13300,8.13,8.125,,0.0,0.0
714,10:05:44.672468047,10:05:44.000000000,sh600163,2.8601799999999997,6000,8.12,13300,8.13,8.125,,0.0,0.0
715,10:05:47.658752163,10:05:47.000000000,sh600163,-8.86834,4000,8.13,10600,8.14,8.135,,0.0,0.0
716,10:05:50.668824423,10:05:50.000000000,sh600163,8.4813,38000,8.11,700,8.12,8.115,,0.0,0.0
717,10:05:53.669987930,10:05:53.000000000,sh600163,3.69999,38200,8.11,1500,8.12,8.115,,0.0,0.0
718,10:05:56.670115593,10:05:56.000000000,sh600163,-3.7936300000000003,3200,8.12,8300,8.13,8.125,,0.0,0.0
719,10:05:59.671383392,10:05:59.000000000,sh600163,-7.77917,4400,8.12,10100,8.14,8.13,,0.0,0.0
720,10:06:02.671925011,10:06:02.000000000,sh600163,-1.129,12700,8.12,1000,8.13,8.125,,0.0,0.0
721,10:06:05.666740190,10:06:05.000000000,sh600163,-3.27555,16500,8.12,2300,8.13,8.125,,0.0,0.0
722,10:06:08.665596678,10:06:08.000000000,sh600163,-17.2776,1100,8.13,7100,8.14,8.135,,0.0,0.0
723,10:06:11.663174240,10:06:11.000000000,sh600163,-14.3352,1300,8.13,7100,8.14,8.135,,0.0,0.0
724,10:06:14.658816849,10:06:14.000000000,sh600163,-13.4878,1000,8.13,6500,8.14,8.135,,0.0,0.0
725,10:06:17.669349474,10:06:17.000000000,sh600163,-1.0896299999999999,25800,8.12,200,8.13,8.125,,0.0,0.0
726,10:06:20.664550423,10:06:20.000000000,sh600163,-4.7946,29000,8.12,1900,8.13,8.125,,0.0,0.0
727,10:06:23.665735748,10:06:23.000000000,sh600163,-12.4801,25100,8.12,31800,8.13,8.125,,0.0,0.0
728,10:06:26.665515390,10:06:26.000000000,sh600163,-10.7577,17700,8.12,12700,8.13,8.125,,0.0,0.0
729,10:06:29.662405427,10:06:29.000000000,sh600163,-25.4638,400,8.13,33600,8.15,8.14,,0.0,0.0
730,10:06:32.675162999,10:06:32.000000000,sh600163,-9.221739999999999,18100,8.12,800,8.13,8.125,,0.0,0.0
731,10:06:35.672931929,10:06:35.000000000,sh600163,-11.4637,19800,8.12,18100,8.13,8.125,,0.0,0.0
732,10:06:38.660204985,10:06:38.000000000,sh600163,-11.7346,16500,8.12,18800,8.13,8.125,,0.0,0.0
733,10:06:41.669662805,10:06:41.000000000,sh600163,-17.4245,100,8.12,17900,8.13,8.125,,0.0,0.0
734,10:06:44.672813670,10:06:44.000000000,sh600163,-11.1828,8600,8.12,17900,8.13,8.125,,0.0,0.0
735,10:06:47.661184240,10:06:47.000000000,sh600163,-11.1704,8900,8.12,20300,8.13,8.125,,0.0,0.0
736,10:06:50.662167956,10:06:50.000000000,sh600163,-12.2573,8600,8.12,28900,8.13,8.125,,0.0,0.0
737,10:06:53.661333048,10:06:53.000000000,sh600163,-8.16775,9600,8.12,25900,8.13,8.125,,0.0,0.0
738,10:06:56.667073069,10:06:56.000000000,sh600163,-12.0122,100,8.12,25800,8.13,8.125,,0.0,0.0
739,10:06:59.666851831,10:06:59.000000000,sh600163,0.114201,86100,8.11,1900,8.12,8.115,,0.0,0.0
740,10:07:02.672142233,10:07:02.000000000,sh600163,-4.705080000000001,9300,8.12,28800,8.13,8.125,,0.0,0.0
741,10:07:05.660877872,10:07:05.000000000,sh600163,2.11862,85300,8.11,14000,8.12,8.115,,0.0,0.0
742,10:07:08.668086588,10:07:08.000000000,sh600163,-4.52304,83800,8.1,96700,8.11,8.105,,0.0,0.0
743,10:07:11.674007456,10:07:11.000000000,sh600163,-9.89828,6500,8.1,96700,8.11,8.105,,0.0,0.0
744,10:07:14.665409762,10:07:14.000000000,sh600163,-0.141704,227400,8.09,39200,8.1,8.095,,0.0,0.0
745,10:07:17.672889670,10:07:17.000000000,sh600163,2.66495,230100,8.09,23500,8.1,8.095,,0.0,0.0
746,10:07:20.662206808,10:07:20.000000000,sh600163,-0.0593216,231000,8.09,27400,8.1,8.095,,0.0,0.0
747,10:07:23.666095790,10:07:23.000000000,sh600163,3.65317,230900,8.09,25600,8.1,8.095,,0.0,0.0
748,10:07:26.668859262,10:07:26.000000000,sh600163,3.36436,231200,8.09,24100,8.1,8.095,,0.0,0.0
749,10:07:29.668975191,10:07:29.000000000,sh600163,8.382019999999999,229600,8.09,5700,8.1,8.095,,0.0,0.0
750,10:07:32.670320962,10:07:32.000000000,sh600163,3.12095,224100,8.09,50200,8.1,8.095,,0.0,0.0
751,10:07:35.660314530,10:07:35.000000000,sh600163,3.9089,204400,8.09,43700,8.1,8.095,,0.0,0.0
752,10:07:38.666225184,10:07:38.000000000,sh600163,7.34068,200500,8.09,23900,8.1,8.095,,0.0,0.0
753,10:07:41.670577823,10:07:41.000000000,sh600163,5.39806,375100,8.08,8500,8.09,8.085,,0.0,0.0
754,10:07:44.659142567,10:07:44.000000000,sh600163,-1.49921,322500,8.08,13600,8.09,8.085,,0.0,0.0
755,10:07:47.669184708,10:07:47.000000000,sh600163,-5.55949,276400,8.08,24000,8.09,8.085,,0.0,0.0
756,10:07:50.659448661,10:07:50.000000000,sh600163,-7.96865,219800,8.08,21100,8.09,8.085,,0.0,0.0
757,10:07:53.662847137,10:07:53.000000000,sh600163,-9.855030000000001,194500,8.08,22800,8.09,8.085,,0.0,0.0
758,10:07:56.668844541,10:07:56.000000000,sh600163,-14.6656,156500,8.08,41500,8.09,8.085,,0.0,0.0
759,10:07:59.674470510,10:07:59.000000000,sh600163,-13.0349,141500,8.08,42000,8.09,8.085,,0.0,0.0
760,10:08:02.669374653,10:08:02.000000000,sh600163,-13.7633,129100,8.08,47400,8.09,8.085,,0.0,0.0
761,10:08:05.673655473,10:08:05.000000000,sh600163,-13.0602,119700,8.08,42400,8.09,8.085,,0.0,0.0
762,10:08:08.670712669,10:08:08.000000000,sh600163,-11.5228,130400,8.08,42800,8.09,8.085,,0.0,0.0
763,10:08:11.663112822,10:08:11.000000000,sh600163,-12.8816,90000,8.08,43400,8.09,8.085,,0.0,0.0
764,10:08:14.659450491,10:08:14.000000000,sh600163,-10.8691,73800,8.08,34600,8.09,8.085,,0.0,0.0
765,10:08:17.658522649,10:08:17.000000000,sh600163,-10.6949,38500,8.08,16000,8.09,8.085,,0.0,0.0
766,10:08:20.672777538,10:08:20.000000000,sh600163,-12.7645,13000,8.08,24100,8.09,8.085,,0.0,0.0
767,10:08:23.667282536,10:08:23.000000000,sh600163,-9.01483,20800,8.08,6900,8.09,8.085,,0.0,0.0
768,10:08:26.673533836,10:08:26.000000000,sh600163,-9.38692,14800,8.08,2300,8.09,8.085,,0.0,0.0
769,10:08:29.665693929,10:08:29.000000000,sh600163,-10.4987,27000,8.09,66100,8.1,8.095,,0.0,0.0
770,10:08:32.668938089,10:08:32.000000000,sh600163,-11.8862,11600,8.09,66100,8.1,8.095,,0.0,0.0
771,10:08:35.661805496,10:08:35.000000000,sh600163,-9.9748,14400,8.09,65600,8.1,8.095,,0.0,0.0
772,10:08:38.664699359,10:08:38.000000000,sh600163,-6.04673,23300,8.09,65000,8.1,8.095,,0.0,0.0
773,10:08:41.672676518,10:08:41.000000000,sh600163,-7.45655,20600,8.09,65700,8.1,8.095,,0.0,0.0
774,10:08:44.661992438,10:08:44.000000000,sh600163,-6.6452800000000005,12900,8.09,63600,8.1,8.095,,0.0,0.0
775,10:08:47.663113801,10:08:47.000000000,sh600163,-6.46775,13500,8.09,61000,8.1,8.095,,0.0,0.0
776,10:08:50.665726599,10:08:50.000000000,sh600163,-2.71339,13000,8.09,44300,8.1,8.095,,0.0,0.0
777,10:08:53.668148496,10:08:53.000000000,sh600163,1.39985,13300,8.09,20600,8.1,8.095,,0.0,0.0
778,10:08:56.661552614,10:08:56.000000000,sh600163,-13.5252,30200,8.08,287000,8.09,8.085,,0.0,0.0
779,10:08:59.661124629,10:08:59.000000000,sh600163,-16.8942,4500,8.08,272500,8.09,8.085,,0.0,0.0
780,10:09:02.676568832,10:09:02.000000000,sh600163,-15.0031,6000,8.08,273200,8.09,8.085,,0.0,0.0
781,10:09:05.662790798,10:09:05.000000000,sh600163,-17.7785,1000,8.08,273900,8.09,8.085,,0.0,0.0
782,10:09:08.659935293,10:09:08.000000000,sh600163,-14.5162,6600,8.08,275900,8.09,8.085,,0.0,0.0
783,10:09:11.671546576,10:09:11.000000000,sh600163,-13.6438,3800,8.08,274500,8.09,8.085,,0.0,0.0
784,10:09:14.669620251,10:09:14.000000000,sh600163,-8.749,18700,8.07,25900,8.08,8.075,,0.0,0.0
785,10:09:17.673319511,10:09:17.000000000,sh600163,-6.628369999999999,17500,8.07,34800,8.08,8.075,,0.0,0.0
786,10:09:20.669323267,10:09:20.000000000,sh600163,-8.23621,17600,8.07,31600,8.08,8.075,,0.0,0.0
787,10:09:23.662367391,10:09:23.000000000,sh600163,-2.9297,61000,8.06,18800,8.07,8.065,,0.0,0.0
788,10:09:26.667729651,10:09:26.000000000,sh600163,-5.8459900000000005,56300,8.06,52300,8.07,8.065,,0.0,0.0
789,10:09:29.665918087,10:09:29.000000000,sh600163,-9.08473,35800,8.06,67800,8.07,8.065,,0.0,0.0
790,10:09:32.658189102,10:09:32.000000000,sh600163,-10.7493,25500,8.06,67400,8.07,8.065,,0.0,0.0
791,10:09:35.662274386,10:09:35.000000000,sh600163,-12.9716,9500,8.06,59700,8.07,8.065,,0.0,0.0
792,10:09:38.668717458,10:09:38.000000000,sh600163,-7.474189999999999,78900,8.05,29800,8.06,8.055,,0.0,0.0
793,10:09:41.659554767,10:09:41.000000000,sh600163,-3.2676,79100,8.05,24700,8.06,8.055,,0.0,0.0
794,10:09:44.658146836,10:09:44.000000000,sh600163,-6.73072,25900,8.05,23400,8.06,8.055,,0.0,0.0
795,10:09:47.671630537,10:09:47.000000000,sh600163,-4.8259,38200,8.04,42000,8.05,8.045,,0.0,0.0
796,10:09:50.671022823,10:09:50.000000000,sh600163,-3.9531199999999997,38200,8.04,38700,8.05,8.045,,0.0,0.0
797,10:09:53.659420446,10:09:53.000000000,sh600163,-5.37752,39700,8.04,38600,8.05,8.045,,0.0,0.0
798,10:09:56.677386654,10:09:56.000000000,sh600163,-3.61056,31700,8.04,34200,8.05,8.045,,0.0,0.0
799,10:09:59.659378871,10:09:59.000000000,sh600163,2.4782900000000003,31300,8.03,2000,8.04,8.035,,0.0,0.0
800,10:10:02.662288571,10:10:02.000000000,sh600163,-1.41804,43900,8.04,51600,8.05,8.045,,0.0,0.0
801,10:10:05.664371695,10:10:05.000000000,sh600163,-1.42082,33000,8.04,44700,8.05,8.045,,0.0,0.0
802,10:10:08.661453160,10:10:08.000000000,sh600163,-4.89841,6100,8.04,48400,8.05,8.045,,0.0,0.0
803,10:10:11.658920105,10:10:11.000000000,sh600163,9.88187,47800,8.03,1100,8.04,8.035,,0.0,0.0
804,10:10:14.663943189,10:10:14.000000000,sh600163,11.5904,39400,8.04,2900,8.05,8.045,,0.0,0.0
805,10:10:17.666885415,10:10:17.000000000,sh600163,6.26615,15600,8.04,45600,8.06,8.05,,0.0,0.0
806,10:10:20.667534997,10:10:20.000000000,sh600163,9.28978,23600,8.04,42500,8.06,8.05,,0.0,0.0
807,10:10:23.661302217,10:10:23.000000000,sh600163,4.66301,3100,8.05,41300,8.06,8.055,,0.0,0.0
808,10:10:26.659109271,10:10:26.000000000,sh600163,9.64745,9600,8.05,39900,8.06,8.055,,0.0,0.0
809,10:10:29.673092723,10:10:29.000000000,sh600163,5.79026,2700,8.05,37300,8.06,8.055,,0.0,0.0
810,10:10:32.661779712,10:10:32.000000000,sh600163,6.14784,5400,8.05,36600,8.06,8.055,,0.0,0.0
811,10:10:35.666454807,10:10:35.000000000,sh600163,4.499680000000001,1900,8.05,35700,8.06,8.055,,0.0,0.0
812,10:10:38.669885718,10:10:38.000000000,sh600163,11.8236,700,8.04,1800,8.05,8.045,,0.0,0.0
813,10:10:41.671289359,10:10:41.000000000,sh600163,12.9259,9600,8.04,9700,8.05,8.045,,0.0,0.0
814,10:10:44.664655363,10:10:44.000000000,sh600163,10.4165,15800,8.04,25000,8.05,8.045,,0.0,0.0
815,10:10:47.671817358,10:10:47.000000000,sh600163,8.2123,8400,8.04,21600,8.05,8.045,,0.0,0.0
816,10:10:50.670725173,10:10:50.000000000,sh600163,13.224,34600,8.04,13200,8.05,8.045,,0.0,0.0
817,10:10:53.663288235,10:10:53.000000000,sh600163,13.9523,37900,8.04,8700,8.05,8.045,,0.0,0.0
818,10:10:56.668734570,10:10:56.000000000,sh600163,9.53047,20200,8.04,9300,8.05,8.045,,0.0,0.0
819,10:10:59.664549136,10:10:59.000000000,sh600163,7.878260000000001,41000,8.04,40300,8.05,8.045,,0.0,0.0
820,10:11:02.665181952,10:11:02.000000000,sh600163,4.11503,43000,8.04,58400,8.05,8.045,,0.0,0.0
821,10:11:05.660364969,10:11:05.000000000,sh600163,9.29503,129400,8.03,200,8.04,8.035,,0.0,0.0
822,10:11:08.661299215,10:11:08.000000000,sh600163,-4.97096,38800,8.03,63400,8.04,8.035,,0.0,0.0
823,10:11:11.672587750,10:11:11.000000000,sh600163,-6.1597599999999995,11000,8.03,64700,8.04,8.035,,0.0,0.0
824,10:11:14.664251596,10:11:14.000000000,sh600163,-0.112305,100800,8.02,11600,8.03,8.025,,0.0,0.0
825,10:11:17.668483817,10:11:17.000000000,sh600163,1.17036,99500,8.02,9900,8.04,8.03,,0.0,0.0
826,10:11:20.672641553,10:11:20.000000000,sh600163,-12.0788,9200,8.04,80300,8.05,8.045,,0.0,0.0
827,10:11:23.673150921,10:11:23.000000000,sh600163,-0.379848,36000,8.03,400,8.04,8.035,,0.0,0.0
828,10:11:26.664107062,10:11:26.000000000,sh600163,-4.840990000000001,36000,8.03,11000,8.04,8.035,,0.0,0.0
829,10:11:29.659727891,10:11:29.000000000,sh600163,-8.36181,40200,8.03,46500,8.04,8.035,,0.0,0.0
830,10:11:32.670331249,10:11:32.000000000,sh600163,-9.3471,45600,8.03,54900,8.04,8.035,,0.0,0.0
831,10:11:35.663276519,10:11:35.000000000,sh600163,-4.20525,114500,8.02,6900,8.03,8.025,,0.0,0.0
832,10:11:38.667952782,10:11:38.000000000,sh600163,-5.39968,116900,8.02,8500,8.03,8.025,,0.0,0.0
833,10:11:41.661881080,10:11:41.000000000,sh600163,-7.81122,116900,8.02,7400,8.03,8.025,,0.0,0.0
834,10:11:44.673774515,10:11:44.000000000,sh600163,-4.6733400000000005,117300,8.02,1300,8.03,8.025,,0.0,0.0
835,10:11:47.662720276,10:11:47.000000000,sh600163,-9.72812,119200,8.02,15300,8.03,8.025,,0.0,0.0
836,10:11:50.663348212,10:11:50.000000000,sh600163,-9.10525,31200,8.03,65100,8.04,8.035,,0.0,0.0
837,10:11:53.657367189,10:11:53.000000000,sh600163,-11.3391,28500,8.03,72500,8.04,8.035,,0.0,0.0
838,10:11:56.659603309,10:11:56.000000000,sh600163,-11.6998,28100,8.03,69300,8.04,8.035,,0.0,0.0
839,10:11:59.669304184,10:11:59.000000000,sh600163,-9.9838,210900,8.02,66600,8.04,8.03,,0.0,0.0
840,10:12:02.659453980,10:12:02.000000000,sh600163,-15.2214,4800,8.03,67000,8.04,8.035,,0.0,0.0
841,10:12:05.663849279,10:12:05.000000000,sh600163,-6.51907,208900,8.02,6300,8.03,8.025,,0.0,0.0
842,10:12:08.672453939,10:12:08.000000000,sh600163,-8.76481,207200,8.02,17500,8.03,8.025,,0.0,0.0
843,10:12:11.658819966,10:12:11.000000000,sh600163,-8.08941,203300,8.02,20700,8.03,8.025,,0.0,0.0
844,10:12:14.664462850,10:12:14.000000000,sh600163,-7.88733,203600,8.02,17900,8.03,8.025,,0.0,0.0
845,10:12:17.661274858,10:12:17.000000000,sh600163,-8.74537,194600,8.02,29600,8.03,8.025,,0.0,0.0
846,10:12:20.667719250,10:12:20.000000000,sh600163,-12.6642,189600,8.02,30200,8.03,8.025,,0.0,0.0
847,10:12:23.669213920,10:12:23.000000000,sh600163,-11.5782,187900,8.02,33800,8.03,8.025,,0.0,0.0
848,10:12:26.665007426,10:12:26.000000000,sh600163,-10.9033,189700,8.02,33200,8.03,8.025,,0.0,0.0
849,10:12:29.676310953,10:12:29.000000000,sh600163,-12.0066,71200,8.02,29200,8.03,8.025,,0.0,0.0
850,10:12:32.659744964,10:12:32.000000000,sh600163,-9.21308,448700,8.0,72100,8.01,8.005,,0.0,0.0
851,10:12:35.664421581,10:12:35.000000000,sh600163,-7.931780000000001,450700,8.0,66900,8.01,8.005,,0.0,0.0
852,10:12:38.666248802,10:12:38.000000000,sh600163,-9.0352,444100,8.0,87900,8.01,8.005,,0.0,0.0
853,10:12:41.667672215,10:12:41.000000000,sh600163,-7.4117,440600,8.0,80700,8.01,8.005,,0.0,0.0
854,10:12:44.671451888,10:12:44.000000000,sh600163,-5.29135,440400,8.0,64400,8.01,8.005,,0.0,0.0
855,10:12:47.669125661,10:12:47.000000000,sh600163,-3.7058199999999997,430300,8.0,40200,8.01,8.005,,0.0,0.0
856,10:12:50.662098186,10:12:50.000000000,sh600163,-3.46294,423000,8.0,39000,8.01,8.005,,0.0,0.0
857,10:12:53.660048577,10:12:53.000000000,sh600163,-7.21773,413300,8.0,78300,8.01,8.005,,0.0,0.0
858,10:12:56.661769488,10:12:56.000000000,sh600163,-3.81209,415400,8.0,67900,8.01,8.005,,0.0,0.0
859,10:12:59.664576501,10:12:59.000000000,sh600163,-6.04845,362500,8.0,77800,8.01,8.005,,0.0,0.0
860,10:13:02.672011910,10:13:02.000000000,sh600163,-7.392189999999999,329000,8.0,94700,8.01,8.005,,0.0,0.0
861,10:13:05.667119698,10:13:05.000000000,sh600163,-6.40868,321100,8.0,110400,8.01,8.005,,0.0,0.0
862,10:13:08.660260934,10:13:08.000000000,sh600163,-6.23402,314300,8.0,109000,8.01,8.005,,0.0,0.0
863,10:13:11.665031063,10:13:11.000000000,sh600163,-13.6589,246100,8.0,289400,8.01,8.005,,0.0,0.0
864,10:13:14.659494847,10:13:14.000000000,sh600163,-14.5986,220900,8.0,299600,8.01,8.005,,0.0,0.0
865,10:13:17.659834408,10:13:17.000000000,sh600163,-16.6567,174000,8.0,296700,8.01,8.005,,0.0,0.0
866,10:13:20.669828029,10:13:20.000000000,sh600163,-16.5706,135500,8.0,298700,8.01,8.005,,0.0,0.0
867,10:13:23.664400334,10:13:23.000000000,sh600163,-13.2896,136700,8.0,291700,8.01,8.005,,0.0,0.0
868,10:13:26.657842285,10:13:26.000000000,sh600163,-4.40496,129200,8.0,118700,8.01,8.005,,0.0,0.0
869,10:13:29.664522954,10:13:29.000000000,sh600163,-0.0639274,171600,8.0,128300,8.01,8.005,,0.0,0.0
870,10:13:32.665973664,10:13:32.000000000,sh600163,0.398552,173300,8.0,132500,8.01,8.005,,0.0,0.0
871,10:13:35.667373046,10:13:35.000000000,sh600163,1.50058,189800,8.0,122000,8.01,8.005,,0.0,0.0
872,10:13:38.657381093,10:13:38.000000000,sh600163,-0.327148,191400,8.0,138600,8.01,8.005,,0.0,0.0
873,10:13:41.662974438,10:13:41.000000000,sh600163,-7.691110000000001,41100,8.0,106400,8.01,8.005,,0.0,0.0
874,10:13:44.667437564,10:13:44.000000000,sh600163,-5.5269900000000005,57400,8.0,105000,8.01,8.005,,0.0,0.0
875,10:13:47.659502896,10:13:47.000000000,sh600163,-7.8258600000000005,31500,8.0,104600,8.01,8.005,,0.0,0.0
876,10:13:50.672458286,10:13:50.000000000,sh600163,-9.50124,75600,7.99,60000,8.0,7.995,,0.0,0.0
877,10:13:53.671247314,10:13:53.000000000,sh600163,-7.59267,80600,7.99,63800,8.0,7.995,,0.0,0.0
878,10:13:56.670313911,10:13:56.000000000,sh600163,-7.66432,80600,7.99,87600,8.0,7.995,,0.0,0.0
879,10:13:59.668614799,10:13:59.000000000,sh600163,-2.99582,80600,7.99,59200,8.0,7.995,,0.0,0.0
880,10:14:02.661527587,10:14:02.000000000,sh600163,-4.39027,1900,8.0,59400,8.01,8.005,,0.0,0.0
881,10:14:05.659503284,10:14:05.000000000,sh600163,-2.73453,20100,8.0,73700,8.01,8.005,,0.0,0.0
882,10:14:08.660856802,10:14:08.000000000,sh600163,-5.84931,2500,8.0,75400,8.01,8.005,,0.0,0.0
883,10:14:11.669636663,10:14:11.000000000,sh600163,8.53341,18900,7.99,400,8.0,7.995,,0.0,0.0
884,10:14:14.667878078,10:14:14.000000000,sh600163,-15.8159,100,8.0,349700,8.01,8.005,,0.0,0.0
885,10:14:17.664852662,10:14:17.000000000,sh600163,-7.72308,23000,7.99,36300,8.0,7.995,,0.0,0.0
886,10:14:20.671562796,10:14:20.000000000,sh600163,-3.2965,23400,7.99,20500,8.0,7.995,,0.0,0.0
887,10:14:23.671161406,10:14:23.000000000,sh600163,-5.52709,24000,7.99,49100,8.0,7.995,,0.0,0.0
888,10:14:26.658551878,10:14:26.000000000,sh600163,-6.9901800000000005,20900,7.99,76400,8.0,7.995,,0.0,0.0
889,10:14:29.663721799,10:14:29.000000000,sh600163,-3.42363,26200,7.99,70600,8.0,7.995,,0.0,0.0
890,10:14:32.666773195,10:14:32.000000000,sh600163,-2.76973,25000,7.99,71600,8.0,7.995,,0.0,0.0
891,10:14:35.658899260,10:14:35.000000000,sh600163,1.0182799999999999,34600,7.99,78600,8.0,7.995,,0.0,0.0
892,10:14:38.673259838,10:14:38.000000000,sh600163,-0.589242,30100,7.99,85300,8.0,7.995,,0.0,0.0
893,10:14:41.660037971,10:14:41.000000000,sh600163,-5.36038,5900,7.99,154700,8.0,7.995,,0.0,0.0
894,10:14:44.671596986,10:14:44.000000000,sh600163,-7.8256,2000,7.99,155200,8.0,7.995,,0.0,0.0
895,10:14:47.669583865,10:14:47.000000000,sh600163,-5.724469999999999,6000,7.99,158600,8.0,7.995,,0.0,0.0
896,10:14:50.666659673,10:14:50.000000000,sh600163,-6.84782,7800,7.99,167700,8.0,7.995,,0.0,0.0
897,10:14:53.671754019,10:14:53.000000000,sh600163,-6.13796,7900,7.99,169100,8.0,7.995,,0.0,0.0
898,10:14:56.667316275,10:14:56.000000000,sh600163,-5.174930000000001,9000,7.99,156300,8.0,7.995,,0.0,0.0
899,10:14:59.659202749,10:14:59.000000000,sh600163,-6.82274,4200,7.99,169700,8.0,7.995,,0.0,0.0
900,10:15:02.658119039,10:15:02.000000000,sh600163,-4.91552,3400,7.99,143300,8.0,7.995,,0.0,0.0
901,10:15:05.670764763,10:15:05.000000000,sh600163,-2.37804,10600,7.99,145900,8.0,7.995,,0.0,0.0
902,10:15:08.673289023,10:15:08.000000000,sh600163,-5.43899,5000,7.99,149800,8.0,7.995,,0.0,0.0
903,10:15:11.660667136,10:15:11.000000000,sh600163,-1.1755799999999998,105700,7.98,30500,7.99,7.985,,0.0,0.0
904,10:15:14.656124715,10:15:14.000000000,sh600163,-2.0594099999999997,104700,7.98,18700,7.99,7.985,,0.0,0.0
905,10:15:17.666558216,10:15:17.000000000,sh600163,-1.8741700000000001,101300,7.98,6500,7.99,7.985,,0.0,0.0
906,10:15:20.667618722,10:15:20.000000000,sh600163,-5.17778,99100,7.98,31900,7.99,7.985,,0.0,0.0
907,10:15:23.672556308,10:15:23.000000000,sh600163,-7.341310000000001,44900,7.99,157700,8.0,7.995,,0.0,0.0
908,10:15:26.665093873,10:15:26.000000000,sh600163,-9.713339999999999,31200,7.99,158100,8.0,7.995,,0.0,0.0
909,10:15:29.662201748,10:15:29.000000000,sh600163,-8.83991,36600,7.99,147800,8.0,7.995,,0.0,0.0
910,10:15:32.659372120,10:15:32.000000000,sh600163,-5.116569999999999,40500,7.99,117500,8.0,7.995,,0.0,0.0
911,10:15:35.670001353,10:15:35.000000000,sh600163,-5.31998,40400,7.99,123200,8.0,7.995,,0.0,0.0
912,10:15:38.672595754,10:15:38.000000000,sh600163,-7.28782,27000,7.99,126400,8.0,7.995,,0.0,0.0
913,10:15:41.671533313,10:15:41.000000000,sh600163,-6.80214,21800,7.99,108700,8.0,7.995,,0.0,0.0
914,10:15:44.660125278,10:15:44.000000000,sh600163,-7.698739999999999,17500,7.99,99000,8.0,7.995,,0.0,0.0
915,10:15:47.661405752,10:15:47.000000000,sh600163,-5.5902,26800,7.99,85300,8.0,7.995,,0.0,0.0
916,10:15:50.660557214,10:15:50.000000000,sh600163,-8.19029,22100,7.99,87200,8.0,7.995,,0.0,0.0
917,10:15:53.665744046,10:15:53.000000000,sh600163,-9.06875,30700,7.99,86500,8.0,7.995,,0.0,0.0
918,10:15:56.674034415,10:15:56.000000000,sh600163,-10.2838,26500,7.99,81800,8.0,7.995,,0.0,0.0
919,10:15:59.662587364,10:15:59.000000000,sh600163,-12.7547,26100,7.99,81900,8.0,7.995,,0.0,0.0
920,10:16:02.659168266,10:16:02.000000000,sh600163,-12.452,65000,7.99,83600,8.0,7.995,,0.0,0.0
921,10:16:05.667878751,10:16:05.000000000,sh600163,-10.2987,70300,7.99,84400,8.0,7.995,,0.0,0.0
922,10:16:08.657484954,10:16:08.000000000,sh600163,-15.4711,23200,7.99,88700,8.0,7.995,,0.0,0.0
923,10:16:11.671258625,10:16:11.000000000,sh600163,-11.9801,118400,7.98,19600,7.99,7.985,,0.0,0.0
924,10:16:14.659054745,10:16:14.000000000,sh600163,-20.9903,119000,7.98,21600,7.99,7.985,,0.0,0.0
925,10:16:17.675504649,10:16:17.000000000,sh600163,-20.1358,116200,7.98,16800,7.99,7.985,,0.0,0.0
926,10:16:20.660937714,10:16:20.000000000,sh600163,-22.9331,22100,7.98,7400,7.99,7.985,,0.0,0.0
927,10:16:23.672765945,10:16:23.000000000,sh600163,-24.3926,20600,7.98,10300,7.99,7.985,,0.0,0.0
928,10:16:26.663386531,10:16:26.000000000,sh600163,-17.2385,64700,7.97,3900,7.98,7.975,,0.0,0.0
929,10:16:29.670439972,10:16:29.000000000,sh600163,-23.3964,39700,7.97,12200,7.98,7.975,,0.0,0.0
930,10:16:32.664196017,10:16:32.000000000,sh600163,-26.0236,11900,7.98,15649,7.99,7.985,,0.0,0.0
931,10:16:35.659182746,10:16:35.000000000,sh600163,-19.1019,101000,7.96,17400,7.98,7.97,,0.0,0.0
932,10:16:38.671359661,10:16:38.000000000,sh600163,-29.7338,1000,7.97,18100,7.98,7.975,,0.0,0.0
933,10:16:41.669683718,10:16:41.000000000,sh600163,-15.1323,93700,7.96,2000,7.97,7.965,,0.0,0.0
934,10:16:44.667114400,10:16:44.000000000,sh600163,-14.6661,101700,7.96,1200,7.97,7.965,,0.0,0.0
935,10:16:47.659501188,10:16:47.000000000,sh600163,-17.6165,115600,7.96,14500,7.97,7.965,,0.0,0.0
936,10:16:50.662133689,10:16:50.000000000,sh600163,-14.6421,109400,7.96,32900,7.97,7.965,,0.0,0.0
937,10:16:53.670887904,10:16:53.000000000,sh600163,-14.6548,95200,7.96,42000,7.97,7.965,,0.0,0.0
938,10:16:56.660997221,10:16:56.000000000,sh600163,-13.9968,72800,7.96,52600,7.97,7.965,,0.0,0.0
939,10:16:59.670477224,10:16:59.000000000,sh600163,-14.7318,42200,7.96,55700,7.97,7.965,,0.0,0.0
940,10:17:02.662961385,10:17:02.000000000,sh600163,-13.5208,116700,7.95,8700,7.96,7.955,,0.0,0.0
941,10:17:05.659309249,10:17:05.000000000,sh600163,-14.6033,112600,7.95,29100,7.96,7.955,,0.0,0.0
942,10:17:08.669531726,10:17:08.000000000,sh600163,-18.4531,5400,7.96,62200,7.97,7.965,,0.0,0.0
943,10:17:11.666891246,10:17:11.000000000,sh600163,-12.9693,103200,7.95,24600,7.96,7.955,,0.0,0.0
944,10:17:14.669116264,10:17:14.000000000,sh600163,-12.6889,100500,7.95,65600,7.96,7.955,,0.0,0.0
945,10:17:17.669256699,10:17:17.000000000,sh600163,-11.9618,102200,7.95,76700,7.96,7.955,,0.0,0.0
946,10:17:20.667453769,10:17:20.000000000,sh600163,-8.79085,99300,7.95,71400,7.96,7.955,,0.0,0.0
947,10:17:23.665317973,10:17:23.000000000,sh600163,-1.8854099999999998,91300,7.94,2800,7.96,7.95,,0.0,0.0
948,10:17:26.662583941,10:17:26.000000000,sh600163,-5.66055,12900,7.95,21700,7.96,7.955,,0.0,0.0
949,10:17:29.671851661,10:17:29.000000000,sh600163,-4.267869999999999,23900,7.95,50100,7.96,7.955,,0.0,0.0
950,10:17:32.659877778,10:17:32.000000000,sh600163,-6.3708800000000005,12300,7.95,68600,7.96,7.955,,0.0,0.0
951,10:17:35.660343422,10:17:35.000000000,sh600163,3.0011400000000004,93200,7.94,6700,7.95,7.945,,0.0,0.0
952,10:17:38.669854541,10:17:38.000000000,sh600163,9.485439999999999,94100,7.94,200,7.95,7.945,,0.0,0.0
953,10:17:41.660912860,10:17:41.000000000,sh600163,-13.9399,400,7.94,14400,7.95,7.945,,0.0,0.0
954,10:17:44.668538130,10:17:44.000000000,sh600163,-7.99107,100,7.93,12100,7.95,7.94,,0.0,0.0
955,10:17:47.661146191,10:17:47.000000000,sh600163,-6.27614,700,7.94,6300,7.95,7.945,,0.0,0.0
956,10:17:50.668863285,10:17:50.000000000,sh600163,7.73177,18600,7.93,7500,7.94,7.935,,0.0,0.0
957,10:17:53.666773078,10:17:53.000000000,sh600163,9.72521,20600,7.93,2700,7.94,7.935,,0.0,0.0
958,10:17:56.665873120,10:17:56.000000000,sh600163,6.89946,26300,7.93,11400,7.94,7.935,,0.0,0.0
959,10:17:59.673301400,10:17:59.000000000,sh600163,5.8491599999999995,23400,7.93,12100,7.94,7.935,,0.0,0.0
960,10:18:02.672503517,10:18:02.000000000,sh600163,5.89047,32700,7.93,10800,7.94,7.935,,0.0,0.0
961,10:18:05.659998264,10:18:05.000000000,sh600163,7.867889999999999,29700,7.93,4200,7.94,7.935,,0.0,0.0
962,10:18:08.670098989,10:18:08.000000000,sh600163,3.41284,46400,7.94,13900,7.95,7.945,,0.0,0.0
963,10:18:11.661531290,10:18:11.000000000,sh600163,-6.64325,6900,7.95,77700,7.96,7.955,,0.0,0.0
964,10:18:14.673978904,10:18:14.000000000,sh600163,-12.1253,1300,7.95,79100,7.96,7.955,,0.0,0.0
965,10:18:17.667262399,10:18:17.000000000,sh600163,3.01208,9400,7.93,3200,7.94,7.935,,0.0,0.0
966,10:18:20.662954367,10:18:20.000000000,sh600163,9.20058,70000,7.93,4400,7.94,7.935,,0.0,0.0
967,10:18:23.662776603,10:18:23.000000000,sh600163,-10.1955,500,7.94,3000,7.95,7.945,,0.0,0.0
968,10:18:26.659999238,10:18:26.000000000,sh600163,-9.42105,1700,7.94,5300,7.95,7.945,,0.0,0.0
969,10:18:29.667507968,10:18:29.000000000,sh600163,-6.58975,27300,7.94,29700,7.96,7.95,,0.0,0.0
970,10:18:32.662782675,10:18:32.000000000,sh600163,-16.5655,500,7.95,29700,7.96,7.955,,0.0,0.0
971,10:18:35.659514805,10:18:35.000000000,sh600163,0.782032,24900,7.94,700,7.95,7.945,,0.0,0.0
972,10:18:38.664459343,10:18:38.000000000,sh600163,-16.7478,200,7.95,30800,7.96,7.955,,0.0,0.0
973,10:18:41.666361672,10:18:41.000000000,sh600163,-3.2757,17100,7.94,3400,7.95,7.945,,0.0,0.0
974,10:18:44.659008653,10:18:44.000000000,sh600163,-2.5535099999999997,20500,7.94,3600,7.95,7.945,,0.0,0.0
975,10:18:47.671606392,10:18:47.000000000,sh600163,-1.40879,21800,7.94,2500,7.95,7.945,,0.0,0.0
976,10:18:50.670753774,10:18:50.000000000,sh600163,-0.216795,24200,7.94,2800,7.95,7.945,,0.0,0.0
977,10:18:53.672619054,10:18:53.000000000,sh600163,-12.6449,3100,7.95,27600,7.96,7.955,,0.0,0.0
978,10:18:56.657359145,10:18:56.000000000,sh600163,-7.92103,17300,7.95,30300,7.96,7.955,,0.0,0.0
979,10:18:59.655935650,10:18:59.000000000,sh600163,-5.66648,23500,7.95,30200,7.96,7.955,,0.0,0.0
980,10:19:02.670462754,10:19:02.000000000,sh600163,-5.66327,23400,7.95,28700,7.96,7.955,,0.0,0.0
981,10:19:05.661974143,10:19:05.000000000,sh600163,-5.78276,24400,7.95,32500,7.96,7.955,,0.0,0.0
982,10:19:08.667135525,10:19:08.000000000,sh600163,-6.26527,20700,7.95,29500,7.96,7.955,,0.0,0.0
983,10:19:11.659469197,10:19:11.000000000,sh600163,-4.65776,22300,7.95,27000,7.96,7.955,,0.0,0.0
984,10:19:14.665994386,10:19:14.000000000,sh600163,-6.82682,17400,7.96,14300,7.97,7.965,,0.0,0.0
985,10:19:17.671774252,10:19:17.000000000,sh600163,-1.4330399999999999,23800,7.95,3800,7.96,7.955,,0.0,0.0
986,10:19:20.661669954,10:19:20.000000000,sh600163,-6.9307,4900,7.96,17300,7.97,7.965,,0.0,0.0
987,10:19:23.666849009,10:19:23.000000000,sh600163,-4.020519999999999,32400,7.96,21900,7.97,7.965,,0.0,0.0
988,10:19:26.667229451,10:19:26.000000000,sh600163,-6.13344,35000,7.96,21500,7.97,7.965,,0.0,0.0
989,10:19:29.668875932,10:19:29.000000000,sh600163,-4.426130000000001,29400,7.96,9700,7.97,7.965,,0.0,0.0
990,10:19:32.668514294,10:19:32.000000000,sh600163,-10.8939,16300,7.97,15700,7.98,7.975,,0.0,0.0
991,10:19:35.671832349,10:19:35.000000000,sh600163,-10.0184,4300,7.97,19300,7.98,7.975,,0.0,0.0
992,10:19:38.663200217,10:19:38.000000000,sh600163,-0.44159499999999996,39700,7.97,5500,7.98,7.975,,0.0,0.0
993,10:19:41.664987261,10:19:41.000000000,sh600163,-10.7379,3800,7.97,29500,7.98,7.975,,0.0,0.0
994,10:19:44.669225905,10:19:44.000000000,sh600163,-6.0037199999999995,20300,7.96,11600,7.98,7.97,,0.0,0.0
995,10:19:47.661637648,10:19:47.000000000,sh600163,-23.4853,4800,7.98,26400,7.99,7.985,,0.0,0.0
996,10:19:50.667486669,10:19:50.000000000,sh600163,-12.0167,5500,7.96,3800,7.97,7.965,,0.0,0.0
997,10:19:53.662285125,10:19:53.000000000,sh600163,-15.9746,1400,7.97,12100,7.98,7.975,,0.0,0.0
998,10:19:56.657155735,10:19:56.000000000,sh600163,-23.4668,2000,7.98,25700,7.99,7.985,,0.0,0.0
999,10:19:59.672106064,10:19:59.000000000,sh600163,-14.751,1400,7.98,24700,7.99,7.985,,0.0,0.0
1000,10:20:02.659778564,10:20:02.000000000,sh600163,-18.0551,100,7.98,21500,7.99,7.985,,0.0,0.0
1001,10:20:05.671324974,10:20:05.000000000,sh600163,-14.2874,1500,7.98,23100,7.99,7.985,,0.0,0.0
1002,10:20:08.678788801,10:20:08.000000000,sh600163,-3.4448,54300,7.97,5600,7.98,7.975,,0.0,0.0
1003,10:20:11.666589372,10:20:11.000000000,sh600163,-3.89552,57700,7.98,20600,7.99,7.985,,0.0,0.0
1004,10:20:14.660634670,10:20:14.000000000,sh600163,-3.9928800000000004,63500,7.98,23700,7.99,7.985,,0.0,0.0
1005,10:20:17.668475639,10:20:17.000000000,sh600163,-9.50478,15300,7.96,87800,7.97,7.965,,0.0,0.0
1006,10:20:20.657785613,10:20:20.000000000,sh600163,8.64276,45900,7.93,25000,7.94,7.935,,0.0,0.0
1007,10:20:23.660138704,10:20:23.000000000,sh600163,5.4397,95300,7.92,34400,7.94,7.93,,0.0,0.0
1008,10:20:26.656730471,10:20:26.000000000,sh600163,-9.249310000000001,50500,7.91,87600,7.93,7.92,,0.0,0.0
1009,10:20:29.667069211,10:20:29.000000000,sh600163,-16.7226,400,7.92,85700,7.93,7.925,,0.0,0.0
1010,10:20:32.671029458,10:20:32.000000000,sh600163,-12.0009,12300,7.9,35000,7.91,7.905,,0.0,0.0
1011,10:20:35.657285635,10:20:35.000000000,sh600163,-9.68517,11200,7.91,43000,7.92,7.915,,0.0,0.0
1012,10:20:38.669363825,10:20:38.000000000,sh600163,-8.88954,18200,7.9,13500,7.91,7.905,,0.0,0.0
1013,10:20:41.668650164,10:20:41.000000000,sh600163,-7.63312,1200,7.91,7000,7.92,7.915,,0.0,0.0
1014,10:20:44.661472052,10:20:44.000000000,sh600163,-3.45592,7500,7.9,1800,7.91,7.905,,0.0,0.0
1015,10:20:47.661199259,10:20:47.000000000,sh600163,-1.65776,4500,7.9,2500,7.91,7.905,,0.0,0.0
1016,10:20:50.657078883,10:20:50.000000000,sh600163,-3.04474,5800,7.9,6600,7.91,7.905,,0.0,0.0
1017,10:20:53.663762809,10:20:53.000000000,sh600163,4.05133,1800,7.9,2900,7.91,7.905,,0.0,0.0
1018,10:20:56.659180613,10:20:56.000000000,sh600163,2.24388,300,7.91,5600,7.92,7.915,,0.0,0.0
1019,10:20:59.667085964,10:20:59.000000000,sh600163,9.477789999999999,21400,7.9,5400,7.92,7.91,,0.0,0.0
1020,10:21:02.662858935,10:21:02.000000000,sh600163,5.89785,39900,7.9,4800,7.91,7.905,,0.0,0.0
